3072 5200
1413 400 1496 463 23

509 633 738 698 Statim
774 640 925 718 post
960 636 1115 701 haec
1153 638 1292 703 Act.
1324 639 1438 702 Pil.
1470 640 1586 720 IV,
1628 646 1685 705 3.
1717 648 2095 724 procurator
2123 646 2334 710 Iesum
2373 648 2569 713 inter-

203 785 217 796 ·
301 775 550 851 rogat:
598 769 678 833 Τί
708 771 942 843 ποιήσω
975 792 1096 850 σοι;
1147 778 1212 837 et
1240 776 1588 855 respondet
1615 775 1826 841 Iesus:
1862 774 1981 852 (Ως
2011 768 2192 849 ἐδόθη
2225 804 2334 843 σοι.
2398 784 2567 860 Quo-

303 906 670 970 dammodo
700 907 827 971 ista
856 909 1237 972 conveniunt
1264 909 1402 973 loco
1429 910 1728 975 Iohannis
1765 917 1860 991 19,
1897 918 2000 976 11:
2050 911 2191 976 Οὐκ
2223 911 2370 1002 εἶχες
2401 909 2571 991 ἐξου-

305 1044 469 1106 σίαν
516 1044 650 1104 κατ’
696 1046 845 1129 ἐμοῦ
887 1032 1171 1128 οὐδεμίαν
1216 1049 1265 1115 εἰ
1304 1045 1385 1131 μὴ
1426 1038 1499 1114 ἦν
1541 1068 1634 1108 σοι
1675 1034 1999 1134 δεδομένον
2041 1046 2286 1113 ἄνωθεν.
2361 1052 2571 1118 Minus

308 1200 488 1245 vero
535 1183 687 1261 apta
734 1183 884 1242 sunt
929 1197 1091 1258 quae
1141 1183 1520 1259 sequuntur:
1566 1180 1732 1270 λέγει
1776 1186 1805 1243 ὁ
1853 1181 2125 1256 Πιλᾶτος
2170 1181 2315 1257 Πῶς
2360 1176 2571 1266 ἐδόθης

308 1315 502 1404 λέγει
542 1320 574 1377 6
603 1312 831 1387 Ἰησοῦς
862 1298 1132 1388 Μωυσῆς
1169 1318 1273 1377 καὶ
1304 1320 1359 1377 οἱ
1388 1325 1693 1412 προφῆται
1723 1309 2132 1404 προεκήρυξαν
2163 1321 2295 1405 περὶ
2323 1330 2435 1382 τοῦ
2467 1318 2574 1384 θα-

314 1449 525 1513 νάτου
557 1474 673 1537 μου
694 1451 810 1532 ,καὶ
839 1459 948 1522 τῆς
980 1447 1371 1523 ἀναστάσεως
1403 1455 1521 1514 etc.
1585 1451 1832 1516 Rursus
1856 1457 2068 1516 tamen
2088 1453 2315 1534 quibus
2334 1454 2576 1520 Pilatus

314 1586 609 1650 Iudaeos
632 1603 710 1648 ex
727 1585 877 1649 Iesu
900 1584 1107 1663 verbis
1132 1586 1369 1650 crimen
1386 1586 1814 1666 blasphemiae
1840 1585 2283 1653 confirmantes
2309 1590 2576 1671 repellit,

318 1720 597 1801 egregie
645 1718 909 1783 habent:
967 1717 1043 1781 Εἰ
1095 1713 1268 1792 οὗτος
1321 1724 1352 1782 6
1404 1721 1584 1809 λόγος
1637 1720 1988 1808 βλάσφημος
2039 1726 2229 1803 ἐστιν,
2287 1726 2419 1810 περὶ
2469 1734 2577 1798 τῆς

320 1856 722 1942 βλασφημίας
752 1853 975 1936 λάβετε
1007 1855 1192 1916 αὐτὸν
1225 1859 1388 1939 ὑμεῖς
1418 1856 1522 1916 καὶ
1554 1854 1916 1945 ἀπαγάγετε
1949 1862 2026 1930 εἰς
2065 1857 2177 1927 τῆν
2220 1860 2577 1947 συναγωγὴν

320 1995 504 2078 ὑμῶν
550 1991 655 2051 καὶ
693 1989 859 2051 κατὰ
901 1989 1008 2066 τὸν
1051 1989 1233 2075 νόμον
1274 1993 1440 2076 ὑμῶν
1479 1990 1720 2077 κρίνατε
1760 1992 1964 2054 αὐτόν.
2041 1989 2339 2055 Nec-fere
2372 1993 2578 2057 minus

323 2124 509 2205 quod
528 2125 750 2188 Iudaei
770 2124 850 2187 ad
881 2124 1087 2204 legem
1117 2124 1401 2205 ipsorum
1430 2144 1780 2208 provocare
1811 2131 2253 2208 perseverant3
2288 2125 2389 2197 cui
2422 2144 2578 2206 quo-

322 2260 542 2324 minus
576 2259 699 2341 ipsi
731 2257 1192 2338 satisfacerent,
1226 2278 1419 2339 quum
1449 2266 1830 2341 procurator
1861 2261 2352 2336 senonmorari
2384 2261 2579 2341 signi-

322 2394 566 2472 ficavit,
596 2399 731 2457 tum
761 2396 948 2477 plane
979 2395 1044 2457 id
1077 2394 1246 2474 quod
1279 2394 1499 2458 volunt
1535 2393 1941 2476 profitentur:
1986 2394 2198 2480 Ἡμεῖς
2240 2392 2582 2482 βουλόμεθα

324 2532 435 2591 ἵνα
466 2526 805 2617 σταυρωθῇ.
855 2528 1168 2592 Nimirum
1199 2529 1265 2592 in
1297 2529 1554 2593 crimine
1587 2531 1866 2611 synedrii
1898 2531 2065 2594 circa
2089 2529 2411 2593 Christum
2434 2547 2581 2611 per-

328 2670 594 2747 petrato
654 2666 811 2728 illud
873 2666 1124 2729 omnino
1188 2664 1423 2728 eminet
1482 2666 1651 2744 quod
1703 2665 2053 2730 Romanum
2106 2669 2584 2745 procuratorem

328 2801 633 2882 supplicii
664 2804 990 2865 auctorem
1024 2800 1375 2864 voluerunt.
1433 2799 1634 2875 Quem
1667 2818 1859 2878 quum
1888 2800 2081 2865 variis
2114 2797 2431 2877 sacrilegii
2463 2799 2584 2861 cri-

328 2936 789 3000 minationibus
823 2935 903 2998 ad
933 2935 1394 3012 decernendam
1424 2933 1647 2997 mortis
1678 2951 1947 3015 poenam
1976 2950 2374 3012 nequaquam
2417 2950 2584 2995 com-

329 3070 580 3134 moveri
623 3070 1112 3147 intellexissent,
1154 3067 1513 3132 affectatum
1547 3087 1584 3129 a
1613 3068 1761 3131 Iesu
1793 3085 2020 3130 nomen
2051 3066 2221 3146 regis
2252 3065 2585 3148 urgebant.

335 3205 492 3284 Qua*
512 3205 577 3268 in
608 3224 676 3267 re
710 3205 977 3268 maxime
1011 3222 1153 3267 cum
1184 3202 1463 3266 Iohanne
1495 3201 1800 3264 Actorum
1834 3205 2057 3264 auctor
2089 3201 2421 3264 consentit.
2482 3200 2585 3263 Io-

329 3340 564 3402 hannis
597 3339 768 3402 enim
800 3338 1010 3402 verbis
1050 3343 1144 3416 19,
1182 3343 1290 3401 12:
1348 3334 1504 3398 Ἐἀν
1547 3346 1766 3398 τοῦτον
1808 3335 2143 3418 ἀπολύσῃς,
2185 3338 2294 3397 οὐκ
2335 3331 2385 3397 εἶ
2423 3336 2588 3419 φίλος

331 3483 450 3536 τοῦ
481 3472 814 3561 Καίσαρος·
860 3482 977 3547 πὸἶς
1019 3477 1049 3535 6
1094 3472 1347 3554 βασιλέα
1378 3471 1599 3534 ἑαυτὸν
1630 3479 1819 3532 ποιῶν
1851 3469 2155 3557 ἀντιλέγει
2184 3479 2275 3547 τῷ
2308 3466 2585 3552 Καίσαρι,

332 3608 730 3690 respondent
760 3609 825 3671 in
854 3607 971 3671 Pil.
1002 3608 1142 3671 Act.
1178 3607 1298 3684 IX,
1338 3612 1390 3668 1.
1421 3606 1606 3669 haec:
1657 3602 1798 3666 Οὐκ
1843 3601 1897 3665 εἷ’
1933 3595 2101 3687 φίλος
2141 3611 2252 3663 τοῦ
2284 3598 2589 3693 Καίσαρος

332 3743 448 3809 ,ἐὰν
481 3753 705 3806 τοῦτον
738 3741 1088 3819 ἀπολύσεις,
1124 3740 1218 3801 ὅτι
1251 3736 1409 3801 εἶπεν
1442 3738 1661 3801 ἑαυτὸν
1695 3737 1821 3799 υἱον
1856 3733 1994 3799 θεοῦ
2025 3738 2130 3798 καὶ
2163 3737 2446 3819 βασιλέα·
2495 3733 2591 3797 Θέ-

336 3883 462 3953 λεις
493 3872 598 3941 οὖν
629 3887 851 3941 τοῦτον
885 3874 1138 3958 βασιλέα
1169 3876 1273 3935 καὶ
1297 3877 1366 3936 οὐ
1384 3870 1683 3959 Καίσαρα.
1730 3872 1906 3950 Quae
1931 3891 2313 3953 quamquam
2336 3869 2589 3934 tandem

342 4015 621 4078 Iudaeos
654 4012 734 4076 ad
763 4010 1163 4093 propositum
1192 4009 1570 4091 perducunt,
1602 4012 1815 4071 tamen
1846 4009 1950 4071 vix
1980 4004 2280 4071 credibile
2313 4008 2412 4067 est
2439 4021 2588 4083 pro-

341 4151 706 4211 curatorem
747 4150 970 4210 contra
1009 4144 1541 4209 insimulationem
1581 4146 1711 4204 tam
1756 4140 2154 4222 impudenter
2193 4138 2313 4201 sibi
2344 4137 2466 4219 ipsi
2496 4137 2588 4200 in-

342 4281 581 4345 flictam
600 4281 754 4343 nihil
777 4280 1032 4344 dixisse.
1068 4278 1242 4354 Quae
1263 4294 1412 4341 vero
1436 4276 1670 4340 dixisse
1692 4294 1832 4339 eum
1854 4276 2015 4338 Acta
2031 4274 2217 4337 Pilati
2236 4272 2591 4353 perhibent,
