3072 5200
1397 423 1435 486 7

286 664 533 725 terreat
590 660 690 724 vel
745 659 1120 740 frustretur,
1177 666 1289 725 aut
1345 680 1564 726 eorum
1621 667 1881 726 excuset
1949 666 2378 744 contemptum
2434 663 2544 743 qui

289 795 374 859 ad
450 795 815 860 discendum
890 796 1316 862 reconditiora
1390 797 2029 878 investigandumque
2104 797 2317 879 paullo
2394 801 2546 861 sunt

293 931 640 1011 segniores.

461 1065 579 1131 His
619 1067 930 1146 breviter,
977 1072 1049 1131 ut
1091 1085 1210 1150 par
1256 1071 1421 1146 erat,
1471 1067 1777 1149 expositis
1819 1068 1900 1131 ad
1940 1086 2080 1131 eam
2124 1068 2538 1151 progredien-

289 1205 440 1267 dum
470 1209 571 1269 est
600 1205 1037 1284 quaestionem
1071 1221 1259 1283 quam
1292 1203 1356 1267 in
1384 1203 1591 1267 nostri
1626 1203 1820 1267 libelli
1861 1203 2045 1267 titulo
2093 1204 2539 1286 expressimus.

291 1340 739 1417 Quaerendum
786 1339 982 1419 igitur
1027 1343 1128 1402 est
1164 1338 1318 1419 quid
1361 1338 1519 1403 lucis
1568 1337 1873 1405 afferatur
1915 1339 2104 1403 Pilati
2144 1339 2312 1403 circa
2357 1338 2539 1402 Chri-

286 1479 459 1539 stum
510 1474 740 1539 iudicio
787 1493 865 1539 ex
920 1474 1017 1538 his
1076 1492 1240 1559 quae
1299 1474 1642 1539 etiamnum
1698 1479 2043 1555 supersunt
2097 1473 2274 1538 Actis
2330 1472 2539 1538 Pilati.

291 1610 433 1687 Qua
462 1611 527 1674 in
557 1610 933 1691 quaestione
963 1610 1297 1674 tractanda
1325 1610 1417 1673 ita
1455 1610 1873 1689 versabimur,
1913 1615 1986 1675 ut
2014 1610 2288 1692 primum
2317 1600 2534 1674 videa-

287 1765 426 1810 mus
459 1765 540 1810 an
569 1746 736 1810 inter
767 1746 1068 1810 canonica
1109 1745 1437 1826 evangelia
1476 1750 1704 1810 nostra
1728 1749 1793 1809 et
1821 1746 1948 1810 ista
1976 1745 2168 1809 Pilati
2194 1746 2358 1810 Acta
2389 1764 2537 1809 con-

290 1882 503 1945 veniat
533 1881 610 1945 de
643 1881 940 1946 universa
969 1900 1197 1946 eorum
1235 1900 1513 1964 persona
1551 1882 1660 1962 qui
1698 1881 1928 1945 iudicio
1971 1881 2357 1959 intererant;
2405 1886 2539 1945 tum

283 2017 351 2080 in
384 2017 666 2098 singulas
707 2017 1099 2097 inquiramus
1140 2022 1358 2100 partes
1401 2017 1850 2096 accusationiS,
1908 2015 2322 2095 defensioniS,
2363 2016 2538 2081 dam-

288 2152 585 2217 nationis.
645 2152 832 2216 Prior
864 2153 1152 2232 quaestio
1184 2152 1275 2215 ita
1314 2157 1680 2235 comparata
1709 2158 1810 2218 est
1842 2158 1911 2217 ut
1951 2170 2075 2232 quo
2115 2153 2319 2232 magis
2349 2151 2538 2214 Pilati

288 2289 452 2351 Acta
482 2306 624 2352 cum
656 2287 1000 2368 evangeliis
1033 2288 1449 2367 consentiant,
1483 2306 1559 2352 eo
1590 2288 1853 2370 propius
1888 2288 1968 2352 ad
1997 2289 2201 2371 ipsam
2233 2287 2535 2352 accedere

287 2423 620 2487 veritatem
651 2423 988 2487 iudicanda
1019 2423 1172 2503 sint,
1217 2442 1420 2504 eoque
1466 2425 1610 2505 plus
1650 2424 2047 2490 auctoritatis
2090 2444 2167 2488 ea
2204 2425 2540 2488 adsumant

286 2577 480 2640 quae,
521 2558 631 2623 ubi
670 2559 750 2623 de
794 2558 1060 2640 singulis
1100 2559 1319 2626 iudicii
1358 2559 1646 2642 partibus
1685 2561 2050 2641 quaeritur,
2094 2559 2538 2626 canonicarum

285 2695 725 2759 narrationum
777 2694 1113 2758 videantur
1167 2696 1624 2777 supplementa.
1708 2696 1797 2760 Ut
1852 2696 2020 2760 enim
2072 2696 2230 2759 illud
2284 2693 2538 2780 quidem

287 2831 546 2894 dubium
577 2848 703 2895 non
735 2834 835 2894 est
866 2830 1018 2910 quin
1048 2831 1517 2906 consentientes
1560 2832 1990 2912 evangelistae
2031 2836 2334 2911 quattuor
2362 2835 2536 2894 recte

285 2965 670 3029 tradiderint
715 2966 1075 3052 universam
1117 2966 1330 3031 iudicii
1378 2967 1719 3046 rationem,
1763 2971 1827 3030 et
1873 2984 1997 3046 quo
2044 2967 2251 3030 animo
2299 2964 2537 3030 fuerint

284 3107 420 3164 tum
477 3100 707 3164 Iudaei
776 3106 1210 3180 accusatoreS‚
1280 3107 1415 3168 tum
1475 3102 1767 3167 Christus
1837 3122 1987 3167 reus
2058 3120 2338 3182 suaeque
2397 3101 2535 3183 ipse

285 3229 552 3301 caussae
586 3235 904 3315 defensor,
935 3242 1068 3300 tum
1100 3236 1342 3301 Pilatus
1373 3237 1592 3301 iudex:
1640 3237 1730 3302 ita
1757 3238 2010 3302 minime
2040 3238 2130 3301 illi
2171 3238 2236 3301 id
2267 3243 2538 3330 egerunt

285 3377 358 3436 ut
402 3390 835 3452 quaecumque
881 3377 1024 3436 acta
1068 3377 1218 3437 sunt
1262 3391 1451 3453 quam
1496 3374 1970 3440 accuratissime
2009 3374 2241 3438 litteris
2283 3374 2534 3453 consig-

284 3511 532 3572 narent.
593 3508 1068 3589 Proptereaque
1109 3508 1209 3574 his
1248 3510 1314 3573 in
1343 3504 1535 3574 rebus
1576 3514 1847 3591 possunt
1888 3509 2171 3591 suppleri
2210 3507 2424 3585 facile,
2472 3506 2537 3568 in

284 3644 410 3708 illis
441 3661 567 3706 non
596 3648 867 3724 possunt
896 3643 1017 3707 nisi
1049 3617 1424 3707 confirmari.

455 3779 548 3842 Ac
594 3778 867 3858 primum
919 3778 1117 3858 igitur
1164 3796 1242 3841 ex
1287 3778 1667 3843 auctoritate
1712 3778 2018 3844 Actorum
2062 3778 2250 3843 Pilati
2294 3778 2372 3841 de
2426 3778 2533 3841 Iu-

285 3914 463 3979 daeis
509 3911 985 3977 accusatoribus
1034 3886 1391 3977 dicendum*
1416 3919 1532 3979 est.
1608 3915 1934 3980 Prodeunt
1978 3914 2022 3976 ii
2065 3914 2319 3994 quidem
2357 3931 2533 3976 men-

285 4050 476 4114 daces
537 4054 602 4114 et
658 4044 913 4128 perfidi,
984 4046 1395 4113 vindicandae
1453 4051 1614 4132 legis
1682 4049 1975 4114 ardorem
2043 4048 2534 4129 praetendentes

285 4186 572 4266 ipsorum
627 4184 770 4249 odio
813 4187 1003 4263 atque
1058 4182 1360 4262 invidiae,
1402 4184 1569 4249 inter
1609 4183 1924 4264 sacrilegii
1964 4182 2430 4248 accusationem
2470 4188 2535 4249 et

287 4320 470 4385 civile
510 4319 748 4384 crimen
786 4319 1195 4400 fluctuanteS,
1242 4320 1451 4403 parati
1489 4320 1572 4385 ad
1611 4319 2038 4401 arripiendum
2081 4318 2381 4399 quicquid
2422 4340 2532 4387 eos
