3072 5200
458 268 1065 452 meta

328 623 343 633 .
460 559 898 647 CGQAD

448 682 665 761 ’‘l‘5'

405 1672 619 1737 Sancti
653 1673 1085 1754 evangelistae
1115 1691 1234 1755 pro
1266 1690 1342 1736 eo
1373 1690 1498 1752 quo
1532 1671 1929 1754 scripserunt
1968 1674 2229 1738 consilio
2260 1692 2478 1754 quem-

225 1808 571 1873 admodum
612 1808 853 1872 nullum
897 1809 1059 1872 vitae
1099 1807 1336 1872 Christi
1380 1812 1632 1888 tempus
1677 1807 1767 1872 ita
1796 1812 2154 1872 tractarunt
2184 1814 2255 1872 ut
2293 1828 2477 1873 accu-

226 1944 618 2007 ratissimam
649 1942 1042 2024 singularum
1080 1962 1292 2008 rerum
1332 1948 1788 2024 componerent
1829 1943 2187 2022 historiam,
2233 1945 2322 2008 ita
2365 1963 2479 2009 nec

228 2097 399 2159 quae
432 2078 635 2141 ultimi
665 2078 986 2159 paschatis
1019 2078 1404 2142 solemnibus
1444 2078 1613 2143 circa
1654 2097 1798 2142 eum
1838 2082 2022 2158 gesta
2060 2083 2209 2142 sunt
2247 2078 2478 2144 Hiero-

227 2213 535 2294 solymae,
566 2213 679 2276 t'ali
709 2212 895 2277 modo
938 2213 1452 2295 conscripserunt
1491 2232 1615 2293 quo
1656 2213 1798 2295 piae
1831 2213 2185 2278 curiositati
2224 2214 2477 2296 penitus

229 2346 695 2412 satisfacerent.
784 2348 885 2412 Ad
928 2347 1416 2430 Synopticorum
1470 2349 1727 2429 quidem
1780 2367 1939 2428 quos
1986 2354 2215 2413 vocant
2257 2368 2478 2413 narra·
2530 2316 2536 2321 ”

225 2484 441 2547 tiones
490 2483 568 2547 de
623 2484 720 2547 his
770 2483 963 2546 rebus
1017 2483 1254 2547 ultimis
1311 2502 1507 2564 grave
1553 2483 1798 2548 accedit
1848 2484 2356 2565 supplementum
2403 2503 2479 2548 ex

229 2619 534 2683 Iohannis
580 2618 943 2699 evangeli03
1000 2619 1405 2684 nihilominus
1447 2620 1649 2683 multa
1697 2625 1846 2684 sunt
1890 2639 2080 2700 quae,
2136 2620 2269 2685 sive
2313 2620 2481 2684 inter

233 2754 523 2834 singulos
555 2754 855 2818 differunt
885 2754 1017 2818 sive
1046 2756 1499 2835 praetermissa
1529 2755 1606 2818 ab
1640 2755 1928 2819 omnibus
1959 2760 2133 2835 sunt,
2177 2755 2341 2820 scire
2373 2774 2477 2820 ac-

233 2888 521 2952 curatius
555 2889 898 2970 cupiveris:
932 2907 1057 2953 non
1090 2907 1225 2969 quo
1249 2890 1585 2969 quicquam
1616 2889 1782 2953 desit
1811 2889 1977 2953 unde
2007 2890 2149 2970 ipsa
2170 2889 2478 2953 Christia-
2577 2889 2580 2892 ’

233 3043 465 3087 norum
502 3022 660 3088 fides
702 3024 1172 3088 corroboranda
1216 3024 1300 3088 sit
1339 2998 1439 3087 vel
1477 3023 1797 3104 augenda3
1852 3023 1967 3088 sed
2006 3042 2131 3104 quo
2170 3024 2373 3087 maius
2416 3024 2478 3086 in

232 3159 360 3222 illis
393 3159 584 3224 rebus
616 3159 695 3222 ad
726 3158 995 3222 salutem
1042 3164 1365 3223 aeternam
1410 3157 1683 3221 humano
1726 3158 1944 3238 generi
1984 3159 2480 3240 recuperandam

229 3294 402 3357 inest
443 3299 859 3372 momentum,
908 3312 984 3357 eo
1029 3294 1174 3375 plus
1220 3292 1415 3357 studii
1463 3292 1543 3356 ab
1589 3293 1668 3357 iis
1717 3293 1824 3373 qui
1865 3312 2113 3358 sacram
2152 3294 2480 3358 historiam

234 3428 542 3508 indagant
572 3427 1020 3494 conferendum
1050 3434 1150 3493 est
1179 3428 1260 3491 ad
1288 3428 1355 3491 id
1382 3433 1456 3493 ut
1485 3428 1880 3509 singularum
1911 3448 2149 3508 earum,
2181 3429 2481 3508 quemad-

236 3562 494 3627 modum
537 3570 871 3645 susceptae
912 3568 1090 3628 actae
1125 3564 1453 3628 absolutae
1489 3568 1665 3641 sunt,
1697 3568 2165 3644 persequantur
2193 3562 2480 3641 vestigia.

411 3698 620 3777 Atque
650 3698 794 3763 hinc
826 3702 925 3763 est
964 3698 1136 3778 quod
1175 3699 1384 3762 omnia
1425 3716 1589 3779 quae
1619 3701 1878 3778 praeter
1906 3697 2081 3778 ipsos
2123 3696 2483 3778 evangelio-

239 3851 382 3895 rum
427 3832 623 3895 libros
673 3831 750 3894 ab
797 3832 1249 3911 antiquissimis
1296 3815 1695 3896 Christianae
1743 3832 2048 3897 ecclesiae
2093 3832 2485 3913 temporibus

240 3967 323 4030 ad
354 3985 469 4029 nos
502 3966 581 4029 de
613 3965 745 4028 vita
775 3964 1014 4029 Christi
1044 3967 1282 4048 scripta
1309 3973 1760 4048 pervenerunt,
1793 3968 1912 4031 viri
1943 3966 2486 4047 intellegentiores

241 4118 432 4181 quam
484 4099 964 4181 diligentissime
1012 4101 1426 4165 examinanda
1469 4102 1738 4179 ducunt,
1791 4107 1864 4166 ut
1908 4101 2192 4165 discatur
2237 4100 2292 4164 si
2338 4099 2488 4179 quid

239 4236 386 4298 inde
430 4234 702 4300 historia
755 4236 896 4318 ipsa
954 4235 1320 4316 evangelica
1371 4235 1529 4299 lucis
1578 4227 1847 4316 accipiat
1891 4235 1994 4299 vel
2048 4234 2238 4299 etiam
2284 4234 2489 4298 incre-

239 4370 457 4433 menti.
532 4369 906 4436 Cuiusmodi
950 4371 1118 4435 inter
1165 4370 1406 4452 scripta
1452 4370 1729 4435 eminere
1778 4369 2141 4452 apocrypha
2186 4388 2348 4450 quae
2396 4370 2492 4433 di-

2021 4486 2085 4526 ιθ
