3072 5200
1651 485 1736 548 20

592 726 884 790 strandas
931 724 1441 806 supplendasque
1487 724 2021 804 evangelistarum
2064 723 2406 787 relationes
2453 727 2672 805 aptum
2712 727 2828 786 est.

592 861 851 924 Caussis
883 860 961 922 iis
994 878 1151 939 quas
1183 859 1305 922 iam
1338 859 1607 922 vidimus
1641 859 1996 922 addendum
2028 862 2155 936 est,
2198 858 2366 937 quod
2397 858 2736 940 primariae
2767 858 2835 920 in

588 994 980 1060 defendendo
1012 998 1228 1075 partes
1246 993 1576 1058 Nicodemi
1607 992 1803 1057 fuisse
1836 994 2151 1072 dicuntur,
2184 992 2248 1055 id
2277 993 2356 1056 ab
2390 993 2525 1056 eius
2558 1011 2837 1075 persona

587 1130 839 1194 minime
874 1149 1015 1193 esse
1048 1129 1339 1193 alienum.
1388 1128 1929 1205 Quemadmodum
1961 1129 2126 1192 enim
2151 1147 2276 1192 non
2298 1128 2619 1193 recusavit
2644 1147 2832 1209 sepe-

586 1265 777 1329 liendi
818 1265 1108 1344 magistri
1149 1283 1363 1328 curam
1404 1283 1545 1327 cum
1575 1263 1848 1344 Iosepho
1888 1264 2340 1327 Arimathiensi
2379 1264 2705 1344 suscipere
2745 1301 2834 1308 —-

588 1401 756 1480 quod
786 1401 994 1482 ipsum
1025 1399 1102 1462 ab
1137 1399 1424 1463 omnibus
1455 1404 1714 1480 praeter
1740 1398 2084 1462 Iohannem
2107 1404 2202 1477 19,
2224 1403 2322 1462 39.
2356 1399 2607 1463 silentio
2640 1417 2830 1479 prae-

585 1534 949 1598 termissum
981 1539 1079 1598 est
1106 1572 1192 1580 —
1223 1539 1289 1598 et
1318 1535 1442 1597 iam
1474 1552 1637 1597 anno
1671 1539 1836 1613 ante,
1868 1539 2032 1597 teste
2067 1533 2291 1598 eodem
2321 1533 2601 1597 Iohanne
2635 1539 2692 1612 7,
2727 1538 2829 1596 50.

588 1687 800 1733 coram
832 1670 969 1750 ipso
1001 1669 1298 1750 synedrio
1332 1668 1568 1732 invidia
1599 1672 1663 1732 et
1693 1670 1790 1732 ira
1821 1670 2133 1733 concitato
2162 1669 2309 1732 Iesu
2342 1687 2631 1733 caussam
2665 1668 2826 1748 egit:

587 1805 677 1867 ita
714 1822 1021 1886 perquam
1062 1804 1360 1869 credibile
1401 1808 1500 1867 est
1540 1802 1938 1867 defensorem
1978 1804 2126 1868 Iesu
2169 1804 2234 1866 in
2280 1822 2524 1868 summo
2572 1821 2826 1884 quoque

587 1939 946 2003 discrimine
978 1958 1122 2003 eum
1154 1940 1504 2018 exstitisse,
1549 1940 1928 2021 praesertim
1960 1957 2153 2019 quum
2182 1940 2320 2020 ipse
2348 1938 2594 2002 Pilatus
2635 1938 2829 2001 iudex

542 2144 549 2157 .
586 2074 859 2137 animum
902 2094 940 2138 a
978 2075 1378 2139 damnatione
1418 2074 1688 2138 hominis
1729 2075 2080 2138 innocentis
2120 2079 2250 2138 tam
2281 2092 2575 2137 aversum
2608 2078 2823 2137 osten-

586 2208 785 2272 deret.
840 2208 1023 2286 ,Quae
1056 2228 1094 2273 a
1123 2209 1403 2274 Iohanne
1436 2210 1641 2274 tribus
1676 2210 1986 2291 evangelii
2015 2209 2170 2274 locis
2204 2210 2282 2273 de
2315 2208 2656 2273 Nicodemo
2689 2212 2821 2271 tra-

585 2343 718 2408 dita
749 2350 914 2423 sunt,
945 2346 1114 2408 intra
1141 2345 1461 2409 biennium
1494 2346 1874 2411 acciderunt.
1940 2344 2123 2420 Quod
2155 2363 2271 2425 per
2300 2348 2543 2407 tantum
2573 2347 2824 2424 tempo·
2877 2333 2888 2339 “

584 2480 673 2544 ris
705 2480 979 2561 spatium
1013 2500 1274 2545 caussae
1302 2481 1849 2546 Iesuconstanter
1880 2498 2023 2543 eum
2052 2478 2284 2543 favisse
2317 2478 2568 2557 scimUS,
2602 2479 2666 2541 id
2697 2478 2826 2541 iam

584 2615 794 2696 aliquo
835 2635 1098 2682 numero
1130 2617 1480 2698 putandum
1511 2620 1637 2692 est;
1686 2634 1830 2694 nec,
1876 2616 2128 2697 opinor,
2167 2620 2412 2679 rectum
2442 2616 2486 2677 ii
2526 2615 2827 2678 viderunt

584 2751 692 2829 qui
721 2751 1123 2814 timiditatem
1148 2751 1474 2815 Nicodemi
1505 2751 1708 2831 magis
1741 2770 1930 2832 quam
1960 2749 2146 2816 fidem
2179 2755 2370 2831 atque
2402 2750 2828 2815 constantiam

582 2890 951 2966 agnoscunt.

752 3020 1048 3085 Ceterum
1080 3020 1220 3102 ipsa
1251 3038 1502 3101 quoque
1536 3040 1612 3084 ea
1650 3039 1811 3099 quae
1853 3038 2065 3084 coram
2095 3019 2300 3085 Pilato
2332 3020 2553 3083 Iudaei
2593 3020 2673 3083 ad
2702 3019 2825 3083 Ni—

581 3156 909 3219 codemum
939 3174 1288 3236 rursusque
1316 3156 1697 3220 Nicodemus
1730 3156 1810 3219 ad
1832 3156 2105 3219 Iudaeos
2130 3155 2363 3220 dixisse
2382 3153 2822 3237 perhibentur,

577 3307 871 3370 magnam
910 3291 1043 3354 veri
1083 3291 1359 3371 speciem
1396 3290 1649 3353 habent.
1725 3290 1949 3354 Relata
1988 3292 2151 3354 enim
2193 3290 2585 3369 defensione,
2636 3289 2823 3354 cuius

576 3422 734 3489 fides
779 3425 980 3504 magis
1027 3425 1218 3488 dubia
1266 3425 1542 3503 videtur,
1595 3425 1901 3512 Actorum
1946 3424 2132 3489 Pilati
2178 3426 2383 3508 capite
2428 3425 2501 3488 V.
2552 3428 2702 3488 sect.
2754 3430 2819 3488 2.

575 3560 741 3624 hunc
771 3560 835 3622 in
865 3559 1121 3624 moduni
1152 3561 1456 3642 scriptum
1488 3566 1615 3624 est:
1646 3556 1950 3648 Λέγουσιν
1974 3569 2064 3642 τῷ
2089 3549 2423 3644 Νικοδήμῳ
2456 3564 2510 3623 οἱ
2530 3549 2820 3622 Ἰουδαῖοι

576 3691 664 3754 Σὺ
696 3692 967 3781 μαθητὴς
1001 3699 1191 3758 αὐτοῦ
1224 3695 1433 3783 ἐγένου
1465 3697 1569 3757 καὶ
1598 3695 1705 3758 τὸν
1737 3695 1919 3784 λόγον
1961 3694 2103 3783 ὑπὲρ
2145 3698 2335 3758 αὐτοῦ
2375 3705 2578 3768 ποιεῖς.
2646 3693 2820 3782 λέγει

571 3827 715 3915 πρὸς
748 3830 965 3902 αὐτοὺς
998 3835 1028 3891 ὁ
1052 3819 1399 3917 Νικόδημος
1423 3828 1531 3900 Μῆ
1565 3833 1668 3892 καὶ
1699 3835 1729 3893 ὁ
1760 3832 2004 3920 ἡγεμὼν
2036 3828 2310 3916 μαθητὴς
2341 3834 2532 3894 αὐτοῦ
2567 3829 2817 3917 ἐγένετο

572 3964 675 4024 καὶ
719 3964 827 4026 τὸν
873 3963 1057 4053 λόγον
1104 3963 1246 4051 ὑπὲρ
1292 3968 1482 4027 αὐτοῦ
1525 3975 1708 4043 ποιεῖ;
1755 3969 1823 4028 οὐ
1862 3966 2237 4036 κατέστησεν
2280 3966 2465 4028 αὐτὸν
2508 3969 2539 4027 ὁ
2569 3961 2817 4051 Καῖσαρ

573 4099 670 4159 ἐπὶ
706 4108 818 4162 τοῦ
849 4091 1197 4187 ἀξιώματος
1227 4099 1480 4179 τούτου;
1527 4094 1681 4171 ἦσαν
1716 4090 1782 4164 δὲ
1815 4105 1870 4165 οἱ
1896 4090 2182 4165 Ἰουδαῖοι
2213 4099 2674 4188 ἐμβριμούμενοι
2705 4101 2818 4161 καὶ

569 4224 869 4319 τρίζοντες
899 4235 1041 4308 τοὺς
1073 4225 1324 4309 ὀδόντας
1356 4240 1561 4299 αὐτῶν
1592 4238 1757 4299 κατὰ
1787 4247 1900 4299 τοῦ
1931 4227 2305 4321 Νικοδήμου.

740 4369 1145 4451 Aliquamdiu
1191 4375 1336 4434 ante
1380 4370 1499 4434 hoc
1546 4371 1927 4465 colloquium
1974 4377 2039 4436 et
2083 4376 2246 4453 quae
2284 4371 2349 4435 id
2387 4370 2821 4453 praecedebat
