3072 5200
1688 420 1729 483 8

577 665 657 729 ad
695 660 1092 744 propositum
1129 657 1584 738 perducturum
1622 657 1901 735 videtur,
1947 656 2157 720 surdis
2188 657 2268 719 ad
2300 655 2844 722 deliberationem

579 819 651 865 ac
697 795 1126 862 defensionem
1175 793 1461 871 auribus,
1507 792 1822 873 patientes
1868 791 2123 855 ludibrii
2169 791 2507 856 dummodo
2551 792 2616 856 id
2648 793 2845 873 quod

580 935 800 998 volunt
843 933 1284 1009 extorqueant,
1332 927 1634 992 obstinati
1679 932 1745 991 et
1783 946 1821 990 a
1865 945 2128 991 caussae
2171 946 2325 991 suae
2371 927 2839 1008 desperatione

582 1069 871 1133 audaces.
930 1065 1211 1141 Quorum
1242 1063 1398 1127 nihil
1428 1082 1466 1127 a
1496 1063 1796 1127 canonica
1826 1063 2071 1127 ratione
2096 1062 2439 1126 abhorrere
2469 1063 2535 1126 in
2563 1069 2841 1145 promtu

581 1208 696 1268 est.
765 1203 838 1265 In
878 1199 1098 1263 ultima
1138 1199 1389 1278 quidem
1429 1199 1733 1262 Actorum
1771 1203 1981 1280 parte,
2028 1216 2190 1278 quae
2230 1216 2355 1260 non
2393 1198 2476 1261 ad
2517 1198 2841 1262 iudicium

580 1338 857 1421 pertinet
888 1336 1000 1399 sed
1031 1334 1110 1397 ad
1141 1353 1245 1397 res
1278 1334 1530 1398 Christo
1564 1333 1645 1396 ad
1683 1333 1860 1397 vivos
1900 1351 2161 1398 reverso
2202 1334 2371 1397 circa
2408 1333 2838 1397 Nicodemum

581 1479 647 1538 et
676 1471 1017 1552 Iosephum
1063 1473 1298 1550 gestas,
1330 1469 1501 1533 aliud
1532 1469 1777 1533 accedit
1806 1469 1996 1549 idque
2027 1469 2168 1550 ipsa
2195 1458 2525 1551 proprium
2554 1468 2836 1533 habent:

580 1608 1144 1689 repraesentantur
1187 1604 1351 1668 enim
1395 1604 1645 1682 Iudaei,
1690 1604 1839 1668 licet
1884 1605 2074 1668 etiam
2128 1609 2263 1669 tum
2315 1603 2505 1669 fidem
2561 1604 2833 1669 Christo

583 1746 946 1808 constanter
998 1743 1263 1819 negent,-
1327 1739 1702 1803 credulitate
1762 1741 2033 1819 quadam
2095 1745 2161 1804 et
2234 1740 2685 1821 superstitione
2741 1741 2835 1804 ad

581 1876 767 1941 fidem
798 1874 1117 1957 propensi.
1194 1874 1332 1938 Hoc
1362 1874 1549 1954 plane
1598 1893 1632 1937 e
1678 1875 1939 1939 consilio
1988 1880 2127 1939 erat
2171 1875 2449 1939 auctoris
2495 1875 2832 1940 Actorum.

580 2013 673 2076 Ac
719 2013 923 2093 possit
975 2028 1127 2074 vero
1182 2010 1305 2074 huc
1358 2010 1711 2091 comparari
1758 2011 1930 2090 quod
1975 2009 2337 2104 Matthaeus
2391 2010 2469 2074 de
2531 2011 2835 2075 custodia

531 2170 538 2185 ·
579 2146 899 2230 sepulchri
932 2165 970 2209 a
998 2145 1252 2209 Iudaeis
1286 2146 1565 2227 expetita
1591 2150 1828 2210 narrat.

751 2281 1043 2345 Christus
1076 2298 1227 2344 vero
1272 2280 1585 2361 malignae
1626 2281 2011 2346 accusationi
2051 2280 2325 2344 divinam
2356 2281 2550 2345 animi
2599 2283 2826 2362 aequi-

579 2424 777 2482 tatem
826 2414 1245 2496 fiduciamque
1301 2434 1566 2480 caussae
1625 2416 1831 2480 iustae
1891 2435 2157 2497 magnae
2220 2421 2477 2479 sanctae
2541 2418 2830 2499 opponit,

581 2553 1133 2637 persuasissimum
1169 2552 1410 2617 habens
1448 2552 1902 2634 nequissimum
1946 2552 2245 2616 iudicium
2288 2551 2369 2614 iri
2416 2553 2824 2634 completum.

578 2689 744 2771 Ipsis
796 2687 1299 2765 accusatoribuS,
1352 2688 1430 2751 de
1484 2687 1713 2767 quibus
1766 2688 2002 2752 dudum
2072 2688 2537 2770 desperandum
2590 2687 2826 2769 fuerat,

578 2826 703 2888 iam
732 2823 887 2886 nihil
929 2821 1122 2887 habet
1164 2822 1335 2903 quod
1380 2823 1792 2905 respondeat3
1853 2842 1970 2887 nec
2009 2824 2272 2905 impetui
2325 2824 2549 2889 turbae
2582 2824 2825 2905 impie-

579 2960 730 3024 tatis
762 2959 991 3023 ducum
1021 2958 1348 3022 adiutricis
1388 2958 1562 3021 aliud
1594 2976 1782 3037 quam
1831 2958 2229 3040 patientiam,
2270 2977 2461 3039 quam
2498 2959 2824 3024 silentium

579 3094 856 3158 adhibet.
933 3094 1217 3174 Surgunt
1256 3092 1654 3158 defensores:
1709 3094 1848 3175 ipse
1886 3111 2036 3158 vero
2077 3112 2194 3158 nec
2237 3093 2336 3158 his
2377 3095 2825 3159 auctoritatem

578 3228 943 3309 interponit.
1016 3227 1150 3292 Nec
1189 3229 1391 3310 magis
1422 3230 1501 3293 ad
1531 3229 1805 3293 Pilatum
1838 3225 2337 3310 quicquam‘nisi
2384 3229 2824 3310 interrogatus

581 3363 748 3428 dicit.
824 3362 995 3427 Dicit
1038 3382 1188 3427 vero
1234 3364 1314 3427 ad
1346 3383 1490 3428 eum
1534 3369 1783 3428 tantum
1829 3369 2134 3444 quantum
2178 3364 2335 3429 satis
2377 3369 2517 3429 erat
2554 3384 2695 3428 cum
2740 3366 2826 3428 ad

578 3498 866 3563 fraudem
905 3498 1324 3563 accusationis
1365 3498 1783 3579 arguendam,
1832 3503 1967 3562 tum
2006 3500 2089 3563 ad
2127 3498 2603 3580 significandam
2634 3519 2821 3564 caus-

580 3652 688 3697 sae
720 3651 874 3697 suae
906 3634 1297 3715 dignitatem.
1560 3626 1564 3631 ’

746 3767 989 3832 Pilatus
1021 3768 1322 3849 denique,
1363 3770 1549 3833 simul
1582 3789 1653 3834 ac
1684 3770 1905 3835 Iudaei
1946 3769 2280 3848 accedunt,
2323 3769 2597 3834 alienum
2629 3771 2708 3834 ab
2741 3772 2823 3835 iis

580 3905 854 3968 animum
892 3921 1018 3966 non
1057 3903 1222 3967 celat
1260 3922 1463 3984 neque
1505 3908 1897 3985 quantopere
1937 3904 2250 3972 fanaticae
2292 3924 2511 3970 eorum
2556 3924 2817 3970 accusa·

578 4041 734 4103 tioni
781 4036 1052 4103 diffidat:
1108 4038 1253 4103 hinc
1302 4040 1516 4104 statim
1564 4058 1824 4122 operam
1875 4040 1985 4104 dat
2023 4045 2094 4105 ut
2135 4045 2336 4105 totam
2375 4059 2664 4105 caussam
2706 4041 2817 4104 de·

580 4174 786 4239 clinet.
863 4174 1014 4240 Mox
1054 4174 1370 4240 hominem
1400 4176 1654 4240 minime
1707 4176 2029 4258 vulgarem
2072 4176 2138 4239 in
2180 4176 2480 4240 iudicium
2526 4180 2820 4239 vocatum

579 4328 720 4373 esse
763 4309 960 4374 videt:
1025 4309 1172 4373 Iesu
1219 4315 1349 4374 tam
1395 4315 1798 4392 praesentem
1850 4311 2226 4392 firmumque
2280 4331 2352 4376 ac
2403 4309 2815 4391 tranquillum
