3072 5200
1626 469 1767 544 ,18

609 711 733 775 nisi
756 710 926 790 quod
953 709 1181 773 Lazari
1206 727 1239 772 e
1271 707 1539 772 mortuis
1572 707 1853 772 revocati
1883 705 2266 771 mentionem
2297 704 2607 784 iniecerit,
2639 706 2852 769 multi-

611 846 766 909 tudo
799 845 1077 923 virorum
1108 863 1180 908 ac
1208 842 1563 920 mulierum,
1596 842 1639 904 ii
1671 861 1748 905 ex
1778 840 2122 921 evangeliis
2152 838 2334 905 facile
2358 838 2512 919 fingi
2534 845 2852 922 poterant.

615 980 853 1043 Tamen
883 997 1033 1043 vero
1064 978 1262 1042 multa
1292 981 1439 1042 sunt
1471 995 1632 1057 quae
1665 977 1903 1057 aliquid
1933 976 2071 1039 veri
2101 975 2365 1040 subesse
2406 975 2695 1038 suadent.
2759 975 2854 1038 Ac

614 1114 886 1195 primum
926 1114 1077 1192 quid
1118 1130 1445 1177 commune
1488 1111 2021 1192 evangelistarum
2064 1128 2139 1174 ea
2182 1109 2260 1173 de
2291 1129 2362 1174 re
2394 1109 2714 1174 silentium
2744 1128 2854 1173 va-

614 1248 759 1326 leat,
790 1247 871 1311 ad
903 1266 979 1311 ea
1009 1246 1411 1310 iudicandum
1444 1252 1545 1311 est
1574 1265 1737 1328 quae
1768 1265 1931 1310 unus
1964 1246 2203 1310 alterve
2239 1245 2412 1326 solus
2443 1245 2654 1323 habet,
2686 1244 2856 1308 iniis

613 1358 880 1446 maxime
911 1382 1101 1446 rebus
1128 1383 1377 1461 quaein
1401 1381 1673 1462 gratiam
1690 1382 1858 1460 Iesu,
1884 1381 2032 1445 dum
2055 1381 2436 1463 patiebatur,
2462 1380 2855 1444 acciderunt:

614 1516 730 1581 has
763 1516 929 1580 enim
959 1516 1166 1580 minus
1198 1515 1538 1596 diligenter
1569 1533 1758 1596 quam
1788 1535 1950 1597 quae
1982 1515 2168 1580 aliter
2196 1514 2507 1580 haberent
2545 1514 2625 1578 ab
2664 1533 2856 1579 evan-

618 1651 862 1731 gelistis
902 1648 1134 1716 relatas
1177 1669 1317 1717 esse
1359 1650 1529 1714 haud
1569 1650 1907 1714 obscurum
1939 1655 2056 1715 est.
2126 1649 2444 1732 Imprimis
2484 1649 2607 1714 huc
2645 1650 2861 1713 valent

617 1787 743 1850 tria
784 1804 945 1865 quae
979 1786 1147 1867 apud
1178 1787 1381 1849 solum
1403 1785 1641 1849 Lucam
1671 1785 1987 1865 leguntur.
2042 1785 2324 1849 Primum
2356 1789 2456 1849 est
2485 1784 2655 1865 quod
2676 1784 2859 1848 Iesus

620 1921 879 1985 aPilato
913 1940 1054 1984 cum
1087 1920 1440 1985 dimittendi
1472 1920 1681 1984 studio
1715 1920 2135 1985 adHerodem
2157 1918 2478 1985 Galilaeae
2508 1920 2859 2001 principem

619 2055 992 2133 remittitur3
1045 2056 1314 2119 alterum
1359 2056 1529 2135 quod
1574 2056 1871 2120 mulieres
1919 2056 2336 2120 lamentantes
2379 2058 2445 2118 et
2482 2055 2856 2137 plangentes

619 2191 1000 2254 comitantur
1032 2190 1112 2254 ad
1141 2190 1520 2272 supplicium
1552 2195 1836 2268 euntem3
1868 2164 2125 2254 tertium
2159 2184 2330 2271 quod
2360 2190 2522 2254 alter
2551 2190 2629 2253 de
2659 2190 2856 2253 latro-

619 2325 805 2389 nibus
845 2344 988 2389 cum
1029 2344 1103 2389 eo
1144 2324 1456 2390 crucifixis
1496 2344 1689 2406 grave
1721 2344 1792 2390 ac
1821 2310 2109 2390 mirabile
2139 2324 2295 2388 illud
2324 2314 2472 2389 fidei
2504 2324 2860 2405 exemplum

621 2460 812 2523 dedit.
888 2460 1126 2524 Ultimo
1157 2461 1295 2524 loco
1325 2460 1495 2540 quod
1526 2460 2181 2540 commemoravimus,
2229 2460 2380 2541 quid
2410 2460 2642 2524 dicturi
2665 2447 2856 2523 'esse-

619 2614 759 2660 mus
793 2596 847 2660 si
877 2596 942 2659 in
962 2595 1139 2661 Actis
1169 2595 1359 2660 Pilati
1390 2595 1543 2660 solis
1574 2595 1938 2676 legeretur?
1966 2595 2190 2662 Nonne
2221 2594 2587 2661 incredibile
2617 2593 2856 2658 haben-

619 2730 767 2793 dum
800 2736 974 2795 esset
1009 2736 1274 2812 propter
1303 2731 1614 2795 Matthaei
1655 2736 1720 2795 et
1748 2732 1948 2796 Marci
1991 2732 2211 2795 verba:
2256 2731 2331 2793 τὸ
2373 2719 2424 2792 δ’
2469 2730 2621 2792 αὐτὸ
2660 2730 2769 2790 καὶ
2806 2732 2859 2791 οἱ

617 2866 842 2949 λῃσταὶ
872 2869 927 2928 οἱ
957 2864 1511 2951 συνσταυρωθέντες
1560 2866 1664 2928 σὺν
1712 2870 1881 2948 αὐτῷ
1931 2856 2234 2941 ὠνείδιζον
2283 2866 2498 2946 αὐτόν,
2546 2870 2611 2930 et
2651 2867 2758 2927 ’καὶ
2806 2833 2886 2928 οἱ.

620 3002 1175 3087 συνεσταυρωμένοι
1207 3005 1375 3083 αὐτῷ
1410 2990 1715 3075 ὠνείδιζον
1749 3002 1976 3065 αὐτόνῖ
2005 3002 2251 3067 Rursus
2276 3002 2445 3084 apud
2468 3002 2672 3066 Solum
2689 3000 2856 3063 Mat-

619 3134 877 3199 thaeum
907 3137 1111 3200 nuntii
1143 3137 1220 3202 de
1263 3136 1507 3201 somnio
1547 3137 1761 3201 uxoris
1793 3137 1980 3201 Pilati
2020 3138 2256 3201 mentio
2297 3136 2396 3215 fit3
2442 3103 2594 3201 item
2625 3135 2857 3200 Iohan-

618 3287 732 3334 nes
765 3270 938 3334 solus
970 3269 1186 3349 refert,
1217 3271 1487 3334 Pilatum
1521 3291 1596 3336 eo
1629 3272 1891 3337 consilio
1909 3273 2122 3336 Iesum
2144 3272 2362 3352 flagris
2387 3272 2567 3336 caedi
2590 3271 2856 3335 iussisse

618 3407 692 3466 ut
721 3410 1124 3469 accusatores
1149 3405 1230 3469 ad
1247 3405 1747 3471 misericordiam
1764 3410 2042 3486 vocaret,
2063 3406 2165 3471 vel
2188 3411 2361 3472 certe
2387 3410 2459 3469 ut
2480 3425 2519 3470 a
2545 3406 2856 3488 supplicio

619 3540 843 3620 capitis
877 3560 1096 3606 eorum
1127 3540 1368 3605 animos
1399 3545 1738 3606 averteret.
1800 3542 1976 3619 Quae
2009 3560 2201 3622 quum
2231 3543 2322 3606 ita
2351 3542 2499 3620 sint,
2529 3542 2746 3606 nescio
2779 3559 2858 3604 an

618 3674 685 3736 in
717 3676 1085 3753 quaestione
1119 3695 1195 3741 ea
1223 3695 1385 3757 quae
1419 3681 1519 3742 est
1548 3676 1627 3740 de
1652 3677 1867 3742 amicis
1898 3678 2048 3741 Iesu
2080 3676 2670 3742 commiserantibus
2713 3695 2857 3740 eum

619 3810 810 3887 atque
859 3808 1371 3889 defendentibuS,
1417 3816 1862 3891 argumentum
1906 3813 1984 3876 ab
2024 3812 2559 3893 evangelistarum
2604 3811 2856 3877 silentio

617 3946 940 4024 sumptum
968 3952 1095 4008 n‘on
1126 3945 1281 4008 satis
1313 3945 1398 4008 sit
1425 3943 1692 4009 firmum.

789 4076 914 4142 Sed
940 4078 1089 4143 licet
1117 4079 1385 4143 ulterius
1417 4081 1738 4162 progredi.
1814 4080 1970 4145 Inde
2012 4080 2177 4145 enim
2218 4063 2389 4163 quod
2428 4083 2635 4146 Lucas
2673 4081 2856 4163 plan-

618 4217 839 4292 gentes
878 4215 1175 4280 mulieres
1213 4216 1279 4278 in
1310 4216 1611 4279 comitatu
1639 4218 1789 4281 Iesu
1830 4217 1910 4281 ad
1950 4236 2200 4282 crucem
2240 4217 2495 4281 abducti
2525 4216 2727 4281 fuisse
2759 4221 2857 4282 te-

619 4350 844 4427 statur,
877 4353 943 4413 et
972 4349 1141 4430 quod
1170 4349 1338 4413 idem
1370 4368 1511 4413 cum
1541 4351 1802 4444 reliquis
1833 4358 2054 4418 narrat
2082 4353 2318 4417 amicos
2348 4353 2582 4416 multos
2615 4357 2682 4416 et
2705 4371 2857 4432 cog-
