3072 5200
1654 452 1733 514 12

572 693 813 779 κρίνατε
862 690 1076 768 αὐτόν,
1125 690 1375 754 omnino
1424 689 1923 754 concludendum
1973 693 2072 753 est
2099 670 2150 752 'a
2180 687 2434 752 Iudaeis
2484 688 2612 750 tale
2666 687 2832 767 quid

571 828 696 891 iam
718 827 1035 908 prolatum
1060 843 1202 890 esse
1228 827 1397 905 quod
1422 825 1502 889 ad
1533 826 1815 907 ipsorum
1849 843 2031 889 sacra
2060 824 2266 904 magis
2300 842 2490 903 quam
2520 822 2601 885 ad
2632 822 2825 886 civile

573 963 671 1026 ius
702 962 1069 1043 pertineret.

745 1096 1076 1177 Singulare
1130 1115 1281 1160 vero
1333 1102 1722 1160 momentum
1773 1095 2160 1175 magicarum
2208 1094 2440 1157 artium
2502 1093 2833 1156 accusatio

573 1232 790 1310 habet,
837 1250 998 1311 quae
1029 1236 1257 1313 postea
1286 1232 1562 1313 repetita
1590 1231 1842 1311 legitur.
1906 1231 2164 1309 Magum
2188 1228 2354 1294 enim
2378 1227 2714 1292 Christum
2745 1228 2833 1290 ab

574 1367 954 1431 adversariis
987 1369 1120 1431 suis
1149 1366 1432 1430 habitum
1466 1385 1609 1430 esse
1640 1370 1960 1431 testantur
1990 1370 2240 1428 veteres
2271 1363 2452 1427 multi
2469 1362 2549 1444 ¹),
2596 1381 2669 1426 ac
2702 1382 2828 1443 pro

575 1506 900 1583 comperta
938 1501 1175 1565 Tiberii
1218 1501 1510 1565 Caesaris
1556 1502 1620 1564 in
1663 1520 1883 1581 magos
1933 1499 2276 1564 severitate
2291 1499 2340 1579 2)
2388 1480 2539 1564 sane
2589 1497 2833 1562 licebat

574 1637 825 1701 Iudaeis
858 1637 1130 1717 aliquem
1172 1636 1625 1700 criminationis
1657 1635 1966 1699 eiusmodi
1998 1640 2293 1699 eventum
2336 1653 2614 1716 sperare.
2689 1633 2826 1696 Pro

576 1791 652 1836 ea
699 1791 848 1835 vero
895 1791 1021 1852 qua
1074 1777 1288 1836 essent
1331 1772 1567 1835 astutia
1607 1772 1992 1851 scelerisque
2043 1770 2449 1851 perpetrandi
2503 1769 2824 1863 cupidine²

577 1908 866 1971 omisisse
913 1925 1021 1970 eos
1067 1907 1130 1968 in
1177 1910 1305 1970 tam
1349 1907 1584 1969 iniusta
1636 1925 1863 1971 caussa
1915 1907 2250 1987 quicquain
2302 1905 2468 1967 unde
2520 1908 2821 1967 eventum

577 2061 835 2123 sperare
867 2043 1112 2122 liceret,
1146 2042 1451 2106 absonum
1490 2041 1637 2107 fidei
1679 2046 1794 2106 est.
1873 2041 2056 2118 Quod
2095 2040 2500 2104 nihilominus
2540 2039 2666 2103 ista
2704 2057 2821 2103 eos

530 2178 537 2195 '
577 2196 723 2259 spes
764 2177 1012 2255 fefellit,
1060 2178 1124 2240 in
1156 2196 1231 2241 eo
1264 2177 1583 2242 offendere
1614 2196 1738 2241 non
1770 2195 2129 2259 possumus.
2204 2174 2377 2240 Fieri
2410 2171 2576 2239 enim
2605 2174 2823 2255 potuit

575 2317 647 2375 ut
676 2313 916 2376 Pilatus
959 2331 1084 2377 non
1123 2313 1366 2395 pariter
1405 2332 1478 2377 ac
1511 2313 1805 2376 Tiberius
1847 2310 2076 2376 infesto
2116 2311 2318 2391 magis
2358 2310 2565 2374 animo
2611 2315 2819 2385 esset;

575 2467 687 2512 nec
748 2447 1087 2512 verisimile
1139 2453 1239 2512 est
1289 2447 1434 2512 huic
1487 2468 1631 2512 eum
1683 2447 2065 2513 accusationi
2121 2447 2264 2527 plus
2317 2443 2463 2509 fidei
2513 2445 2820 2509 habuisse

573 2603 763 2664 quam
794 2583 1074 2664 reliquis.
1123 2583 1421 2648 Ceterum
1445 2583 1615 2665 quod
1638 2584 1879 2648 Pilatus
1904 2581 2380 2648 accusatoribus
2405 2579 2819 2663 respondisse

573 2719 974 2799 perhibetur:
1009 2718 1064 2780 T
1070 2701 1214 2782 οὔτὸ
1247 2723 1358 2782 οὐκ
1390 2725 1552 2782 ἔστιν
1588 2723 1650 2782 ἐν
1682 2718 1983 2807 πνεύματι
2013 2715 2343 2804 ἀκαθάρτῳ
2377 2714 2696 2799 ἐκβάλλειν
2726 2716 2815 2777 τοὶ

574 2845 874 2939 δαιμόνια,
905 2855 1040 2950 ἀλλῖ
1075 2858 1137 2917 έν
1171 2852 1287 2935 θεῷ
1319 2864 1410 2936 τῷ
1432 2853 1805 2936 Ἀσκληπιῷ,
1839 2855 1902 2917 id
1933 2855 2057 2917 iam
2089 2853 2228 2918 aliis
2260 2873 2298 2917 a
2326 2871 2602 2933 persona
2625 2851 2818 2915 Pilati

571 2989 740 3053 haud
784 2990 1057 3054 alienum
1107 3010 1248 3054 esse
1298 2990 1498 3053 visum
1546 2995 1659 3053 est.
1746 2989 1877 3054 Nec
1926 2990 2126 3069 magis
2177 2993 2276 3052 est
2325 2987 2495 3068 quod
2542 2987 2820 3050 Iudaeos

572 3125 980 3207 ipsorumque
1030 3145 1318 3218 caussam
1367 3124 1465 3188 his
1515 3124 1783 3189 elusisse
1832 3124 2064 3188 dicitur
2106 3123 2345 3188 verbis:
2400 3121 2636 3185 Εἴπατέ
2689 3144 2819 3206 μοι,

570 3269 697 3334 πῶς
732 3250 992 3345 δύναμαι
1023 3260 1146 3348 ἐγὼ
1176 3260 1420 3348 ἡγεμὼν
1453 3257 1536 3322 ὢν
1572 3260 1824 3342 βασιλέα
1857 3252 2174 3336 ἐξετάσαις

738 3395 873 3458 Iam
904 3414 1100 3477 supra
1130 3395 1399 3459 vidimus
1432 3396 1664 3477 quibus
1697 3396 1865 3478 apud
1882 3395 2227 3459 Iohannem
2261 3394 2527 3458 actionis
2560 3393 2816 3458 initium
2854 3412 2858 3416 ·

568 3529 656 3594 fit.
747 3530 845 3593 Ea
889 3548 1006 3595 nec
1051 3530 1190 3612 ipsa
1234 3549 1352 3611 per
1391 3550 1459 3595 se
1501 3550 1615 3596 nec
1656 3530 1889 3595 additis
1931 3549 2092 3610 quae
2133 3530 2417 3613 proxime
2459 3533 2818 3609 sequuntur

570 3667 725 3729 satis
756 3666 945 3746 plana
975 3672 1085 3731 aut
1116 3666 1425 3731 eiusmodi
1454 3671 1605 3731 sunt
1635 3671 1705 3730 ut
1733 3665 1887 3729 nihil
1920 3666 2366 3748 interpositum
2390 3664 2562 3729 credi
2586 3664 2813 3746 possit.

571 3800 1010 3864 Accusationis
1058 3802 1222 3865 enim
1268 3821 1494 3866 caussa
1540 3822 1665 3866 non
1710 3801 2061 3882 profertur3
2114 3801 2519 3865 nihilominus
2567 3799 2814 3862 Pilatus

712 4055 744 4116 ¹)
775 4050 860 4104 Cf.
884 4069 1024 4120 prae
1051 4051 1180 4105 aliis
1208 4051 1365 4121 Orig.
1393 4057 1571 4106 contr.
1600 4050 1739 4107 Cels,
1773 4055 1813 4117 l,
1839 4052 1921 4105 28.
1949 4053 2004 4120 1,
2029 4052 2111 4106 38.
2155 4051 2311 4104 Hier.
2339 4050 2395 4103 in
2420 4048 2630 4102 Psalm.
2655 4050 2741 4115 81,
2767 4050 2817 4103 8.

571 4154 837 4207 Lactant.
864 4153 1040 4207 instit.
1067 4154 1178 4207 div,
1203 4154 1260 4219 5,
1286 4155 1334 4206 3.
1365 4154 1587 4220 (‚‚Fecit
1614 4154 1924 4208 mirabilia:
1961 4171 2190 4225 magum
2224 4159 2616 4222 putassemuS,
2655 4155 2722 4203 ut
2757 4156 2816 4203 et

569 4271 671 4307 vos
697 4273 849 4307 nunc
873 4255 1086 4323 putatis
1114 4261 1170 4308 et
1192 4256 1394 4311 Iudaei
1422 4262 1559 4309 tuuc
1585 4259 1964 4325 putaverunt“
1986 4259 2111 4320 etc.)

707 4359 745 4423 ²)
775 4355 860 4410 Cf.
888 4356 1074 4409 Tacit.
1102 4357 1288 4410 annal.
1315 4359 1364 4424 2,
1388 4358 1470 4410 32.
1510 4356 1667 4413 Suet.
1693 4358 1789 4413 vit.
1817 4358 2010 4411 Tiber.
2035 4357 2117 4412 36.
2154 4356 2270 4410 Dio
2298 4354 2456 4409 Cass.
2482 4355 2565 4424 57,
2595 4355 2675 4406 15.
