3072 5200
1332 468 1416 533 25

244 725 402 770 esse
447 707 515 770 in
561 707 833 788 epistula
876 707 1285 789 imperatoria
1339 707 1508 790 apud
1556 707 2026 772 Theodoretum
2071 708 2214 774 hist.
2271 709 2494 774 eccles.
2580 708 2586 719 ‘

246 841 366 920 IV,
390 849 448 906 7.
479 839 904 922 confirmatur,
937 842 1044 907 ubi
1065 847 1192 908 est:
1227 844 1606 929 ἐπιστραφεὶς
1637 844 1734 906 ἐπὶ
1762 842 1845 905 τά
1875 853 1984 917 τῆς
2014 846 2317 918 ἀνατολῆς
2347 842 2494 932 μέρη

247 977 362 1038 καὶ
393 976 647 1050 αἰτήσας
678 966 836 1064 ὕδωρ
885 978 982 1040 ἐπὶ
1019 988 1250 1066 χειρῶν.
1340 977 1571 1040 Utrum
1616 981 1928 1059 praestet,
1976 979 2330 1058 quaeritur:
2376 979 2497 1043 nisi

250 1110 427 1176 forte
459 1112 524 1183 in
553 1113 918 1177 narratione
947 1114 1150 1194 magis
1183 1132 1370 1194 quam
1401 1115 1465 1176 in
1494 1111 1636 1194 ipsa
1665 1131 1735 1176 re
1764 1113 2101 1176 discrimen
2127 1117 2243 1177 est.
2291 1114 2498 1191 Quum

253 1246 428 1310 enim
457 1265 756 1310 manuum
785 1247 939 1311 lotio
973 1267 1185 1312 coram
1216 1247 1349 1314 sole
1383 1249 1535 1313 solis
1560 1246 1918 1311 obtestandi
1940 1266 2167 1312 caussa
2184 1246 2313 1327 fiat,
2347 1267 2495 1313 ean-

252 1382 405 1446 dem
435 1400 647 1446 coram
676 1382 912 1464 populo
944 1380 1083 1446 fieri
1113 1401 1375 1448 necesse
1408 1388 1534 1448 est:
1582 1383 1911 1448 consilium
1942 1384 2108 1447 enim
2138 1383 2328 1447 Pilati
2359 1388 2499 1447 erat

253 1521 332 1580 ut
378 1517 744 1581 ostenderet
779 1517 1015 1599 populo
1057 1517 1178 1582 sibi
1228 1518 1307 1583 de
1357 1518 1717 1593 innocentia
1755 1518 1903 1583 Iesu
1941 1518 2496 1600 persuasissimum

254 1671 423 1716 esse.
456 1644 460 1647 ’
498 1652 711 1717 Facile
756 1656 969 1717 autem
1010 1672 1048 1716 a
1076 1652 1400 1718 Matthaeo
1442 1653 1680 1734 negligi
1717 1657 1972 1734 poterat
2012 1654 2181 1733 quod
2223 1673 2300 1718 ea
2328 1654 2392 1717 in
2424 1674 2497 1718 re

253 1806 524 1868 prorsus
556 1806 594 1850 a
622 1787 868 1852 ratione
900 1792 1074 1852 esset
1102 1787 1370 1852 Romani
1398 1788 1653 1852 iudicis:
1699 1788 1765 1851 id
1797 1789 1967 1868 quod
2005 1789 2071 1851 in
2100 1788 2279 1853 Actis
2310 1789 2498 1853 Pilati

252 1919 534 1986 fideliter
564 1941 932 2004 expressum
964 1922 1234 1987 videtur.

434 2056 560 2121 Sed
580 2056 735 2122 haec
759 2057 882 2120 iam
909 2058 1065 2122 satis
1092 2076 1234 2122 esse
1258 2062 1415 2139 puto
1441 2058 1520 2121 ad
1544 2058 1939 2139 probandum
1964 2057 2269 2121 Actorum
2292 2058 2497 2138 Pilati,

254 2188 331 2256 ut
364 2192 705 2257 etiamnum
739 2197 1108 2274 supersunt,
1143 2192 1492 2273 ingenium,
1528 2196 1718 2272 atque
1750 2193 1830 2255 ad
1865 2192 2132 2257 aliorum
2164 2194 2242 2257 de
2272 2192 2499 2258 iisdem

196 2418 204 2422 =
251 2326 475 2392 studia
504 2327 971 2421 commovenda.
1023 2326 1223 2392 Grata
1252 2326 1388 2392 fore
1418 2327 1496 2399 iis
1529 2346 1717 2409 spero
1751 2327 1858 2407 qui
1879 2329 1928 2391 *a
1958 2327 2206 2391 sincera
2227 2295 2499 2393 fide-non

257 2462 533 2526 alienum
564 2461 804 2526 ducunt
832 2480 1052 2527 verum
1085 2480 1421 2542 quaerere,
1470 2462 1705 2542 quique
1736 2461 2267 2543 evangelistarum
2299 2462 2497 2547 virtu—

259 2566 358 2663 tes
405 2617 559 2664 sano
605 2597 835 2663 iudicio
881 2576 1370 2679 pluris'faoiunt
1415 2616 1603 2678 quam
1650 2616 1811 2678 quae
1855 2594 2003 2661 ficta
2046 2596 2233 2662 laude
2278 2579 2498 2678 augeri

260 2733 548 2798 debeant.
619 2733 740 2811 Qui
773 2752 992 2814 quum,
1025 2737 1097 2797 ut
1127 2733 1338 2797 divina
1367 2733 1659 2797 voluntas
1690 2731 1963 2811 ferebat,
1994 2731 2176 2796 nobis
2209 2732 2501 2796 dederint

262 2868 428 2933 unde
461 2872 724 2932 aeterna
752 2868 1009 2933 humani
1039 2868 1292 2949 generis
1333 2867 1504 2931 salus
1543 2867 1852 2949 pendeat,
1897 2885 2059 2929 vana
2097 2865 2354 2930 ambitio
2402 2871 2501 2930 est

259 3003 422 3068 velle
453 3003 610 3094 nihil
639 3022 748 3069 eos
777 3023 904 3069 non
934 2994 1216 3086 perfecte
1249 3007 1360 3067 aut
1387 3021 1514 3067 non
1545 3006 1717 3066 recte
1750 3001 2002 3065 dixisse.

398 3202 733 3257 Scribebam
758 3203 991 3273 Lipsiae
1020 3202 1111 3257 die
1137 3220 1266 3255 xxv.
1291 3220 1361 3253 m.
1387 3201 1558 3255 Febr.
1586 3219 1634 3254 a.
1663 3201 1810 3253 1855.
