3072 5200
1632 394 1715 458 22

724 636 1208 700 Accusationem
1225 635 1607 699 Iudaeorum
1638 634 1804 699 iuter
1834 634 2072 698 crimen
2104 630 2435 698 affectatae
2459 631 2809 715 potestatis

556 772 772 851 regiae
814 775 879 834 et
916 769 1185 834 violatae
1232 769 1513 849 ipsorum
1547 771 1706 850 legis
1738 775 2210 850 usurpataeque
2241 768 2355 832 filii
2386 770 2489 833 dei
2522 769 2809 850 adpella-

559 906 748 970 tionis
794 925 910 987 per
964 909 1163 970 totum
1208 906 1507 970 iudicium
1562 904 1933 983 fluctuasse,
1986 905 2050 967 in
2096 905 2275 969 Actis
2325 905 2515 969 Pilati
2568 904 2811 968 diserte

562 1038 867 1122 scriptum
898 1045 1022 1104 est:
1055 1041 1225 1120 quod
1255 1041 1538 1122 quidem,
1570 1046 1644 1104 ut
1673 1041 1797 1103 iam
1829 1060 2023 1122 supra
2053 1038 2477 1120 significatum
2510 1044 2638 1118 est,
2681 1058 2810 1104 non

562 1174 634 1237 fit
662 1175 857 1238 invita
888 1175 1358 1254 evangeliorum
1389 1176 1786 1266 auctoritate.
1861 1175 1958 1239 De
1989 1175 2204 1257 priore
2236 1175 2497 1238 crimine
2530 1175 2810 1239 collocu-

562 1313 695 1371 tum
737 1328 879 1373 cum
916 1281 1063 1373 Iesu
1094 1309 1366 1373 Pilatum
1403 1309 1718 1374 Iohannes
1759 1314 1996 1373 narrat.
2062 1311 2272 1390 Atque
2320 1309 2489 1372 idem
2534 1328 2805 1390 prorsus

564 1444 943 1523 colloquium
990 1444 1054 1506 in
1101 1445 1336 1510 nostris
1385 1446 1562 1510 Actis
1603 1446 1865 1525 legitur,
1912 1445 2033 1508 nisi
2074 1444 2244 1524 quod
2294 1464 2332 1507 a
2370 1444 2559 1507 Pilati
2614 1462 2812 1523 quae-

566 1578 796 1642 stione:
831 1577 910 1641 Τί
942 1583 1104 1642 ἐστιν
1136 1577 1411 1659 ἀλήθεια,
1443 1581 1507 1643 in
1536 1580 1703 1645 hunc
1734 1579 1989 1645 modum
2013 1580 2332 1675 pergitur:
2366 1579 2540 1667 λέγει
2571 1582 2745 1659 αὐτῷ
2776 1582 2811 1639 ὁ

563 1711 788 1787 Ἰησοῦς
831 1711 1122 1784 Ἀλήθεια
1167 1707 1233 1788 ἐξ
1279 1719 1549 1801 οὐρανοῦ.
1596 1715 1761 1802 λέγει
1806 1719 1837 1777 ὁ
1883 1713 2156 1787 Πιλᾶτος
2200 1713 2346 1776 Ἐπὶ
2390 1724 2502 1802 γῆς
2549 1710 2813 1782 ἀλήθεια

568 1851 677 1909 οὐκ.
718 1854 908 1926 ἔστιν;
953 1849 1119 1937 λέγει
1159 1854 1189 1911 ὁ
1217 1847 1445 1922 Ἰησοῦς
1473 1859 1565 1930 τῷ
1597 1847 1856 1931 Πιλάτῳ
1884 1847 2105 1934 Ὁρᾷς,
2153 1854 2207 1911 οἱ
2236 1850 2349 1918 την
2383 1844 2675 1918 ἀλήθειαν
2710 1846 2817 1909 λέ-

567 2004 777 2069 γοντες
830 1993 957 2056 πῶς
1013 1984 1313 2071 κρίνονται
1364 1986 1485 2047 ἀπὸ
1538 1994 1661 2047 τῶν
1716 1984 1979 2072 ἐχόντων
2033 1985 2146 2054 την
2201 1975 2479 2057 ἐξουσίαν
2523 1984 2633 2057 ἐπὶ
2683 1991 2818 2069 γῆς.

504 2118 510 2133 “
574 2118 745 2187 Haec
776 2137 903 2183 non
933 2118 1148 2200 inepta
1178 2124 1344 2197 sunt,
1378 2139 1757 2201 quamquam
1789 2120 1853 2181 in
1886 2139 1960 2183 eo
1994 2096 2449 2199 quod‘Pilatus,
2483 2123 2558 2181 ut
2580 2117 2818 2182 Iohan-

571 2272 683 2316 nes
724 2257 946 2316 auctor
987 2258 1113 2332 est,
1159 2254 1635 2334 responsionem
1675 2255 1824 2317 Iesu
1862 2272 1940 2316 ne
1981 2257 2307 2334 exspectat
2344 2252 2628 2332 quidem,
2673 2252 2825 2333 plus

572 2387 902 2467 gravitatis
933 2387 1118 2451 inest.

738 2520 836 2584 De
869 2523 1068 2586 altero
1102 2522 1360 2586 crimine
1394 2523 1821 2603 evangelistae
1854 2522 2008 2585 nihil
2033 2521 2395 2586 accuratius
2419 2521 2828 2603 perscripse-

572 2662 749 2734 runt:
790 2662 1002 2720 tamen
1048 2676 1123 2721 eo
1156 2658 1478 2738 pertinent
1525 2658 1717 2722 verba
1745 2658 1984 2721 Lucae:
2036 2661 2090 2719 οἱ
2122 2646 2188 2719 δὲ
2221 2658 2500 2744 ἐπίσχυον
2531 2655 2833 2745 λέγοντες

574 2792 668 2854 ὅτι
699 2793 961 2854 ἀνασείει
992 2793 1098 2853 τὸν
1131 2792 1298 2873 λαόν,
1331 2782 1635 2856 διδάσκων
1666 2790 1797 2855 καθ’
1836 2794 1977 2865 ὅλης
2000 2802 2109 2866 τῆς
2131 2781 2445 2870 Ἰουδαίας,
2479 2782 2832 2878 ἀρξάμενος

572 2928 692 2989 ἀπὸ
724 2937 833 3001 τῆς
863 2925 1195 3000 Γαλιλαίας
1227 2927 1338 3000 ἕως
1370 2918 1510 3006 ὧδε,
1541 2928 1693 2991 item
1725 2928 1893 3007 quod
1923 2926 2239 2991 Iohannes
2270 2927 2542 2991 Iudaeos
2576 2926 2833 2992 dixisse

476 3069 479 3072 ’
573 3060 798 3125 refert:
849 3060 1062 3145 εΗμεῒς
1115 3061 1295 3149 νόμον
1342 3068 1575 3149 ἔχομεν,
1622 3064 1726 3124 καὶ
1770 3061 1935 3124 κατὰ
1982 3062 2089 3124 τὸν
2137 3061 2318 3147 νόμον
2364 3064 2536 3147 ἡμῶν
2589 3062 2836 3146 ὀφείλει

575 3191 916 3272 ἀποθανεῖν,
963 3196 1057 3257 ὅτι
1101 3197 1226 3258 υἱὸν
1275 3194 1410 3259 θεοῦ
1459 3198 1677 3259 ἑαυτὸν
1725 3198 2021 3267 ἐποίησεν.
2096 3197 2275 3259 Hanc
2315 3200 2526 3259 autem
2566 3195 2631 3258 ill
2683 3214 2833 3259 rem

575 3328 729 3391 satis
755 3329 1068 3408 quadrant
1100 3349 1176 3393 ea
1207 3350 1368 3412 quae
1398 3331 1462 3393 in
1482 3331 1668 3395 Pilati
1699 3332 1875 3395 Actis
1895 3331 2003 3409 IV,
2026 3336 2083 3395 2.
2105 3331 2421 3411 leguntur.
2468 3330 2838 3409 Postquam

574 3463 741 3527 enim
770 3462 1013 3527 Pilatus
1045 3464 1315 3528 Iudaeos
1349 3465 1578 3528 docere
1611 3465 1883 3542 studuit,
1916 3466 2085 3545 quod
2114 3466 2325 3529 Iesum
2358 3465 2435 3528 de
2468 3464 2837 3528 sanationi-

572 3598 690 3659 bus
723 3601 788 3660 et
816 3597 1121 3677 religione
1154 3599 1400 3663 sabbati
1435 3599 1666 3663 violata
1697 3602 2014 3676 accusent,
2055 3599 2118 3662 id
2149 3618 2275 3663 non
2305 3599 2518 3663 valere
2549 3599 2632 3662 ad
2662 3617 2836 3679 poe-

574 3747 718 3792 nam
750 3731 973 3810 capitis
1005 3732 1486 3813 decernendam,
1519 3736 1803 3798 seniores
1836 3738 1902 3797 et
1932 3734 2298 3801 sacerdotes
2332 3752 2473 3796 cum
2503 3732 2756 3796 Levitis
2796 3752 2842 3796 a

572 3863 778 3927 Pilato
804 3864 1211 3942 requisivisse
1236 3866 1559 3930 dicuntur:
1595 3857 1780 3928 Κατα
1804 3865 2110 3953 Καίσαρος
2135 3866 2239 3930 ἐάν
2263 3891 2354 3941 τις
2383 3866 2836 3953 βλασφημήσῃ,

575 3989 737 4071 ἄξιος
770 3995 1034 4061 θανάτου
1068 4001 1229 4061 ἐστὶν
1261 3996 1298 4069 ἢ
1333 4000 1432 4077 οὔ;
1481 3999 1835 4066 affirmante
1867 4020 2017 4065 Vero
2049 4002 2254 4066 Pilato
2288 4002 2712 4066 conclusisse:
2749 4001 2840 4063 Er:

574 4110 650 4204 εἰς
695 4130 974 4219 Καίσαρα
1020 4133 1124 4196 ἐάν
1170 4159 1260 4207 τις
1306 4135 1742 4221 βλασφημήσῃ,
1789 4127 1951 4209 ἄξιός
1999 4130 2140 4199 ἐστι
2175 4134 2467 4215 θανάτου,
2522 4129 2705 4209 οὗτος
2760 4126 2841 4199 δὲ

573 4266 737 4328 κατα
766 4276 879 4329 τοῦ
913 4263 1049 4329 Θεοῦ
1082 4269 1566 4354 ἐβλασφήμησεν.
