3072 5200
1661 457 1740 520 10

582 690 927 772 depingere
957 691 1254 771 diximus,
1293 711 1421 757 non
1451 694 1636 758 modo
1671 694 1750 757 ad
1782 695 1972 757 istum
2002 693 2232 756 librum
2264 693 2842 757 commendandum

582 826 776 904 valet,
829 845 1048 890 verum
1099 846 1237 892 eam
1282 847 1532 909 quoque
1580 829 1702 892 vim
1746 829 1938 892 habet
1988 833 2059 891 ut
2109 828 2584 908 evangeliorum
2634 826 2838 892 fidem

584 963 1154 1043 auctoritatemque
1186 962 1530 1027 confirmet.

754 1096 965 1161 Possit
1004 1098 1122 1161 hoc
1161 1098 1301 1178 ipso
1344 1099 1483 1163 loco
1515 1100 1705 1162 etiam
1737 1099 1815 1162 de
1846 1101 1924 1163 iis
1956 1100 2077 1162 dici
2110 1100 2218 1179 qui
2251 1098 2603 1162 contrarias
2635 1117 2836 1162 accu-

585 1237 867 1296 satorum
899 1238 1115 1313 partes
1148 1216 1575 1312 sustinebant,
1608 1235 1685 1298 de
1718 1234 2155 1298 defensoribus
2189 1234 2446 1298 Christi.
2510 1233 2629 1296 His
2660 1233 2835 1297 Acta

582 1368 769 1432 Pilati
800 1374 1039 1448 augent
1068 1388 1320 1435 scenam
1351 1370 1566 1434 iudicii
1577 1394 1593 1448 3
1638 1371 1702 1433 in
1733 1370 2078 1450 evangeliis
2110 1370 2275 1433 enim
2306 1370 2490 1450 plane
2523 1388 2648 1433 non
2679 1387 2834 1432 esse

582 1506 846 1569 constat.
919 1502 1043 1568 Sed
1074 1503 1190 1569 hac
1222 1505 1300 1569 de
1333 1524 1401 1569 re
1434 1510 1582 1588 post
1612 1506 1927 1588 explicare
1960 1510 2274 1587 praestat,
2308 1505 2414 1568 ubi
2446 1504 2523 1569 de
2557 1504 2834 1584 singulis

584 1641 814 1721 agitur.

744 1778 824 1839 In
856 1777 1122 1857 singulis
1156 1795 1305 1841 vero
1338 1777 1554 1841 iudicii
1586 1776 1876 1859 partibus
1909 1776 2339 1842 examinandis
2371 1795 2497 1838 non
2538 1776 2602 1838 id
2641 1775 2830 1839 nobis

580 1911 823 1977 consilii
873 1918 971 1977 est
1010 1918 1089 1976 ut
1128 1932 1569 1993 quaecumque
1615 1914 1679 1976 in
1720 1913 1896 1977 Actis
1937 1912 2123 1975 Pilati
2163 1912 2523 1992 perscripta
2567 1916 2716 1975 sunt
2761 1912 2830 1974 iu

583 2049 1106 2128 disceptationem
1139 2054 1204 2112 et
1233 2049 1732 2113 controversiam
1765 2066 2079 2127 vocemus,
2112 2048 2225 2112 sed
2249 2048 2530 2111 breviter
2555 2052 2828 2127 tangen-

524 2188 530 2203 '
579 2188 677 2248 tes
718 2202 879 2264 quae
918 2182 1047 2247 ficti
1097 2184 1370 2265 speciem
1410 2184 1673 2262 habent,
1719 2184 1797 2247 de
1843 2183 1919 2248 iis
1966 2201 2129 2264 quae
2175 2181 2346 2247 haud
2391 2182 2651 2263 indigna
2698 2179 2827 2245 fide

584 2319 921 2383 videantur
950 2321 1309 2384 accuratius
1341 2320 1712 2385 videbimus.

751 2456 975 2536 Itaque
1017 2460 1499 2537 praetereuntes
1543 2473 1704 2536 quae
1746 2456 1824 2519 de
1866 2474 1975 2520 reo
2017 2454 2080 2517 in
2112 2453 2503 2535 praetorium
2531 2454 2828 2518 introdu-

582 2591 780 2657 cendo
821 2596 1191 2671 narrantur,
1242 2593 1319 2658 de
1360 2611 1620 2657 cursore
1659 2592 1871 2657 Iesum
1913 2573 2218 2654 adorante
2260 2594 2325 2654 et
2363 2590 2562 2672 signis
2607 2590 2828 2671 ingre-

584 2728 794 2792 diente
829 2747 903 2792 eo
934 2729 1161 2791 mirum
1194 2729 1258 2790 in
1287 2728 1542 2791 modum
1574 2746 1642 2791 se
1673 2726 2138 2803 inclinantibUS,
2173 2726 2406 2807 quippe
2439 2731 2503 2789 et
2532 2725 2830 2790 fabulosa

585 2865 794 2928 omnia
838 2868 902 2928 et
947 2864 1102 2927 satis
1150 2864 1470 2928 contraria
1516 2864 1594 2927 iis
1642 2880 1804 2942 quae
1843 2861 1922 2924 de
1960 2860 2148 2924 modo
2197 2878 2322 2941 quo
2364 2862 2576 2925 Iesum
2616 2861 2828 2925 Pilato

583 3000 920 3063 tradebant
950 3000 1118 3081 apud
1151 2999 1595 3079 evangelistas,
1627 2998 2018 3062 Matthaeum
2048 2996 2450 3078 potissimum
2482 2996 2609 3077 (27,
2637 2996 2723 3074 2.)
2758 3001 2832 3060 et

584 3134 866 3198 Marcum
898 3134 1026 3214 (15,
1064 3134 1144 3216 1.)
1177 3135 1503 3215 leguntur,
1543 3133 1755 3197 statim
1788 3133 1853 3195 in
1884 3133 2086 3214 ipsam
2118 3132 2582 3196 accusationem
2614 3131 2827 3210 inqui-

583 3289 814 3334 ramus.
863 3270 1037 3333 Haec
1069 3270 1297 3349 quibus
1332 3269 1549 3334 verbis
1582 3273 1887 3349 concepta
1916 3272 2106 3346 esset,
2137 3272 2381 3330 tantum
2414 3285 2540 3330 non
2571 3266 2826 3330 silentio

581 3406 1051 3488 praeterierunt
1081 3410 1147 3469 et
1176 3404 1536 3468 Matthaeus
1570 3409 1634 3468 et
1662 3404 1968 3480 Marcus3⁸
1993 3402 2138 3466 inde
2170 3407 2414 3466 tantum
2453 3402 2623 3481 quod
2653 3401 2826 3464 Pila-

582 3547 716 3606 tum
749 3561 825 3605 ex
856 3561 967 3606 reo
1001 3540 1391 3621 quaesivisse
1421 3539 1759 3621 perhibent
1789 3556 1869 3601 an
1892 3537 2274 3602 Iudaeorum
2305 3556 2416 3601 rex
2447 3542 2638 3615 esset,
2671 3554 2825 3600 con-

582 3678 774 3742 iicere
815 3678 965 3742 licet
1011 3697 1134 3758 quo
1178 3677 1427 3741 nomine
1468 3696 1507 3740 a
1544 3675 1797 3738 Iudaeis
1839 3677 2173 3738 accusatus
2213 3671 2423 3736 fuerit.
2507 3671 2639 3736 Nec
2688 3670 2824 3735 fere

584 3813 940 3878 accuratior
977 3813 1319 3888 Iohannes3
1366 3811 1615 3874 orditur
1663 3811 1830 3874 enim
1869 3828 1907 3871 a
1947 3808 2317 3888 quaestione
2359 3806 2572 3869 Pilati:
2621 3807 2826 3883 Quam

585 3968 872 4015 caussam
905 3946 1145 4012 affertis
1179 3945 1485 4009 adversus
1515 3944 1682 4008 hunc
1712 3944 2028 4007 hominem
2063 3947 2166 4020 18,
2201 3948 2309 4019 293
2357 3942 2470 4004 sed
2512 3941 2576 4004 id
2615 3941 2825 4022 ipsum

584 4086 753 4167 quod
784 4084 1032 4166 quaerit
1062 4075 1187 4146 non
1217 4080 1604 4162 respondent
1633 4079 1755 4157 illi,
1789 4077 2215 4158 significantes
2246 4081 2491 4140 tantum
2524 4094 2592 4139 se
2612 4076 2826 4139 Iesum

583 4240 708 4285 non
745 4220 1093 4284 tradituros
1133 4215 1330 4281 fuisse
1370 4202 1491 4280 nisi
1531 4215 1694 4278 male
1737 4213 2008 4278 fecisset.
2086 4212 2305 4276 Paullo
2350 4211 2492 4291 plus
2534 4229 2612 4273 ex
2649 4210 2825 4274 Luca

584 4355 1034 4438 comperimus3
1085 4353 1355 4416 Iudaeos
1403 4350 1570 4414 enim
1611 4350 1777 4413 hunc
1821 4349 1887 4411 in
1929 4348 2185 4413 modum
2234 4350 2622 4411 accusantes¹
2648 4344 2802 4410 facit
2867 4409 2878 4420 ,
