3072 5200
1348 422 1427 484 21

244 660 588 724 Nicodemi
653 665 1136 739 ceterorumque
1196 678 1354 740 quos
1412 643 1827 724 indicavimus
1889 660 2319 727 defensionem
2375 666 2500 730 alia

250 795 574 876 quaedam
604 793 887 858 defensio
921 813 1121 874 eaque
1153 795 1307 858 satis
1332 795 1671 875 singularis
1695 795 1902 860 locum
1924 796 2224 861 habuisse
2247 798 2496 863 dicitur.

252 928 811 1010 Exprobrantibus
851 930 1015 993 enim
1053 929 1202 994 Iesu
1242 930 1410 1010 quod
1449 930 1805 994 adulterino
1839 931 2144 1011 sanguine
2175 937 2363 997 natus
2395 934 2497 1013 sit,

252 1065 380 1127 viri
420 1064 778 1142 duodecim,
825 1083 1093 1145 quorum
1134 1065 1324 1127 etiam
1363 1065 1618 1129 nomina
1665 1063 2136 1143 adscribuntur,
2183 1067 2500 1147 prodeunt

251 1204 568 1263 testantes
609 1199 1057 1280 desponsatam
1096 1198 1292 1262 fuisse
1331 1199 1604 1281 Iosepho
1643 1200 1911 1263 Mariam
1953 1218 2147 1280 seque
2186 1201 2360 1280 ipsos
2400 1203 2494 1265 in-

251 1308 558 1399 terfuisse
606 1333 1023 1415 sponsalibus,
1102 1333 1264 1397 Tota
1302 1352 1377 1398 ea
1424 1334 1769 1414 disputatio
1819 1335 2154 1397 admodum
2199 1342 2497 1417 suspecta

255 1473 361 1532 est
404 1466 676 1546 fraudis3
723 1467 880 1530 nihil
928 1468 1094 1531 enim
1142 1469 1483 1532 memoriae
1528 1468 1851 1550 proditum
1900 1473 1998 1532 est
2035 1470 2205 1549 quod
2246 1470 2493 1550 probet,

252 1603 528 1666 Iudaeos
560 1602 770 1666 Iesum
801 1602 950 1665 dum
981 1604 1226 1666 viveret
1255 1603 1545 1666 similiter
1576 1604 1986 1667 calumniatos
2019 1622 2179 1668 esse.
2226 1605 2283 1668 A
2308 1604 2492 1676 Celso

254 1738 514 1817 quidem
555 1736 787 1801 celebri
827 1737 1333 1801 Christianorum
1372 1738 1737 1802 adversario
1779 1742 1926 1801 ante
1963 1739 2240 1802 medium
2271 1758 2490 1803 saecu-

251 1873 384 1935 lum
438 1873 782 1936 secundum
827 1873 1046 1936 eadem
1099 1873 1480 1950 criminatio,
1533 1877 1699 1936 teste
1749 1872 2052 1952 Origene,
2104 1874 2169 1936 in
2218 1874 2492 1937 medium

250 2007 507 2088 prolata
548 2011 674 2085 est;
719 2008 976 2071 inventa
1015 2026 1166 2072 vero
1209 2007 1287 2071 ab
1330 2026 1404 2071 eo
1437 2026 1563 2070 non
1590 2012 1807 2088 potest
1836 2007 2038 2086 credi,
2085 2008 2490 2088 quemadmo-

252 2142 407 2204 dum
459 2142 648 2206 etiam
700 2143 764 2205 in
822 2146 1098 2206 tractatu
1156 2142 1494 2205 talmudico
1558 2142 1664 2221 qui
1718 2140 2070 2205 Sanhedrin
2126 2141 2493 2233 inscribitur

251 2277 463 2341 locum
503 2250 611 2341 est*
640 2282 843 2341 nacta.
921 2277 1103 2354 Quod
1142 2278 1206 2340 in
1245 2277 1475 2341 iudicio
1517 2276 1933 2340 describendo
1974 2275 2051 2339 ab
2085 2277 2491 2357 evangelistis

250 2411 603 2499 praeterita
643 2417 768 2492 est,
814 2431 940 2476 non
977 2414 1137 2476 tanti
1177 2412 1477 2476 momenti
1516 2411 1717 2475 videri
1759 2411 1964 2492 possit
2000 2416 2265 2492 propter
2293 2410 2494 2474 Marci

252 2546 475 2610 verba:
510 2547 886 2637 κατηγόρουν
920 2551 1108 2611 αὐτοῦ
1141 2551 1196 2612 οἱ
1226 2550 1508 2635 ἀρχιερεῖς
1538 2543 1740 2609 πολλά
1772 2551 1836 2610 et
1863 2535 1954 2609 ἴδε
1983 2546 2146 2609 Ᾰπόσοι
2170 2568 2275 2607 σου
2300 2567 2492 2614 κατη-

250 2691 557 2768 γοροῦσινε
608 2683 751 2747 inde
797 2684 962 2747 enim
1012 2684 1301 2763 sequitur
1340 2683 1417 2746 ab
1459 2682 1842 2745 adversariis
1882 2682 2031 2744 Iesu
2073 2680 2269 2743 multo
2308 2680 2494 2761 plura

254 2818 506 2897 prolata
545 2836 686 2881 esse
729 2836 915 2898 quam
957 2818 1386 2898 evangelistae
1423 2816 1724 2896 referant.
1807 2817 2018 2894 Atque
2057 2815 2183 2877 tale
2223 2815 2374 2894 quid
2414 2814 2491 2876 ab

255 2952 663 3031 evangelistis
704 2972 777 3017 eo
821 2953 1066 3018 facilius
1105 2952 1527 3035 praetermitti
1567 2954 1822 3032 poterat
1861 2948 2155 3030 quoniam
2193 2948 2273 3010 ad
2322 2967 2490 3011 com-

254 3087 677 3168 mendandum
717 3086 920 3151 Pilato
963 3089 1339 3169 supplicium
1382 3085 1624 3149 frustra
1669 3085 2020 3148 adhibitum
2064 3101 2206 3146 esse
2252 3086 2495 3146 certum

254 3225 370 3284 est.
446 3222 746 3284 Attamen
793 3223 1058 3286 similius
1104 3221 1239 3284 veri
1286 3225 1385 3285 est
1429 3220 1742 3301 evulgatis
1788 3220 2039 3282 demum
2076 3217 2383 3281 Matthaei
2432 3220 2497 3279 et

253 3355 467 3418 Lucae
494 3356 839 3435 evangeliis
873 3356 1247 3420 calumniam
1269 3356 1456 3419 istam
1481 3375 1518 3417 a
1535 3353 1789 3418 Iudaeis
1817 3370 2166 3429 emanasse,
2199 3369 2271 3414 ac
2293 3350 2496 3430 magis

253 3488 444 3552 etiam
475 3494 609 3551 tum
638 3489 981 3553 invaluisse
1023 3509 1215 3569 quum
1256 3490 1690 3554 scriberentur
1718 3487 1906 3551 Pilati
1939 3487 2117 3551 Acta.
2195 3485 2358 3547 Hinc
2399 3487 2499 3546 est

253 3624 420 3688 enim
466 3624 635 3702 quod
675 3629 900 3687 auctor
941 3624 1133 3688 libelli
1176 3644 1314 3688 eam
1352 3644 1487 3687 rem
1517 3628 1695 3686 tanta
1727 3642 1869 3686 cum
1900 3620 2211 3699 gravitate
2244 3620 2496 3695 tractat,

252 3761 621 3837 tantamque
652 3758 778 3820 vim
808 3759 1032 3848 tribuit
1063 3757 1451 3840 sponsalium
1481 3755 1738 3836 Iosephi
1771 3754 2061 3818 testibus.
2137 3753 2210 3816 Id
2250 3752 2420 3832 quod
2460 3771 2498 3813 a

250 3891 717 3984 posteriqribus
764 3893 1067 3958 ecelesiae
1110 3892 1379 3958 saeculis
1421 3893 1696 3955 alienum
1738 3896 1864 3968 est,
1910 3893 2377 3971 proptereaque
2418 3884 2498 3945 ad

250 4026 607 4089 testandam
638 4026 832 4090 libelli
864 4031 1136 4091 aetatem
1167 4027 1352 4092 valet.

423 4159 613 4222 Haud
641 4180 846 4242 pauca
876 4161 1120 4242 reliqua
1151 4167 1299 4227 sunt
1330 4162 1613 4226 examine
1654 4176 1961 4240 perquam
2000 4155 2219 4234 digna,
2267 4152 2380 4216 sed
2426 4161 2503 4215 ea

249 4294 369 4357 hoc
402 4294 540 4358 loco
572 4295 852 4360 breviter
883 4296 1196 4361 indicasse
1229 4297 1385 4361 satis
1416 4294 1810 4359 habebimus.
