3072 5200
1368 450 1449 513 27

1213 546 1608 553 W——m

281 691 528 750 filiabus
562 690 988 766 superstitibus
1018 691 1299 767 quinque,
1341 686 1528 751 ux’ore
1561 690 1788 751 Bertha
1820 709 1852 749 e
1882 695 2064 768 gente
2095 690 2357 766 Beyeria
2390 694 2527 750 octo

282 811 597 868 mensibus
629 814 768 872 ante
800 810 1075 868 maritum
1108 788 1409 868 defuncta.

463 927 717 988 Scholas
747 928 932 1003 igitur
963 928 1371 1003 academicus,
1420 928 1480 985 in
1513 929 1730 1002 quibus
1761 929 2135 1003 potissimum
2164 928 2532 1003 theologiam

285 1052 417 1105 tum
448 1047 828 1123 exegeticam
855 1050 980 1105 tum
1013 1047 1462 1120 systematicam
1494 1046 1783 1122 docebat,
1824 1047 1902 1104 ab
1934 1065 2090 1105 anno
2128 1050 2308 1105 1823.
2341 1064 2532 1121 usque

291 1167 480 1223 1854.
513 1163 742 1240 habuit,
785 1166 1001 1239 quovis
1034 1165 1308 1223 semestri
1338 1165 1649 1240 plurimas,
1692 1165 2016 1240 plerasque
2050 1165 2390 1223 auditorum
2420 1164 2532 1222 fre-

288 1283 544 1357 quentia
583 1283 873 1358 insignes.
961 1285 1054 1340 De
1093 1282 1263 1340 libris
1305 1300 1456 1356 quos
1498 1283 1835 1357 publicavit
1871 1283 2158 1358 imprimis
2189 1282 2533 1340 nominandi

290 1405 435 1459 sunt
479 1402 931 1460 Commentarius
970 1402 1030 1458 in
1069 1401 1367 1476 epistolam
1406 1402 1627 1472 Iacobi,
1674 1420 1831 1459 anno
1877 1403 2056 1460 1833.
2100 1401 2323 1477 editus,
2365 1417 2536 1476 prae-

290 1520 486 1576 missa
534 1537 692 1577 anno
745 1521 926 1578 1829.
978 1520 1202 1577 Notitia
1249 1521 1386 1578 novi
1422 1521 1818 1578 commentarii
1854 1522 1914 1578 in
1946 1523 2175 1579 Novum
2216 1521 2538 1577 Testamew

290 1647 414 1694 tum
424 1660 448 1708 ,·
490 1637 632 1695 item
672 1654 830 1695 anno
877 1640 1056 1696 1837.
1098 1638 1150 1695 is
1192 1637 1286 1694 cui
1325 1638 1563 1696 titulum
1603 1638 1775 1695 fecit:
1824 1642 1951 1696 Zur
1980 1634 2340 1715 Bioqraphie
2367 1640 2540 1707 Jesu;

293 1773 459 1814 anno
497 1757 684 1813 1840:
737 1757 1065 1813 Thesaurus
1106 1757 1443 1814 literaturae
1473 1757 1817 1832 theologicae
1826 1779 1848 1827 ;
1895 1774 2052 1814 anno
2090 1758 2281 1814 1846:
2333 1758 2539 1831 Rupps

296 1874 795 1950 Aussclzlz'essunq,
845 1869 954 1931 der
989 1873 1323 1933 aust-Ad.—
1340 1876 1543 1933 Vereiu
1584 1876 1708 1932 und
1744 1876 1852 1931 das
1891 1876 2090 1951 heiliye
2127 1876 2391 1932 neutrale
2427 1874 2538 1933 G'e-

298 1993 427 2050 biet.
519 1990 712 2077 Quam
769 1994 1075 2066 postremo
1136 1991 1341 2049 libello
1402 1992 1692 2051 tractavit
1750 1991 2115 2050 Societatem
2175 2009 2212 2048 a
2269 1990 2540 2049 Gustavo

297 2108 583 2184 Adolpho
631 2110 1143 2185 cognominatam,
1192 2110 1248 2167 ei
1298 2110 1498 2168 socius
1547 2114 1607 2167 et
1651 2109 1853 2167 fautor
1879 2109 2349 2167 addictissimus
2391 2112 2570 2171 erat„

297 2228 632 2285 Praeterea
661 2245 885 2302 magna
916 2245 1048 2285 cum
1079 2227 1395 2303 diligentia
1427 2227 1617 2284 edidit
1646 2229 1769 2285 tum
1793 2228 1944 2285 Novi
1968 2228 2308 2285 Testamenti
2330 2235 2541 2284 temtum

308 2345 603 2434 Graecum
642 2343 919 2422 (primum
952 2345 1184 2419 -prodiit
1223 2362 1381 2403 anno
1419 2348 1610 2422 1844;
1658 2349 1798 2420 post
1830 2362 1904 2403 ex
1935 2345 2100 2420 typis
2132 2343 2266 2402 fixis
2300 2344 2543 2418 saepius

302 2463 600 2537 repetitus
648 2466 768 2538 est,
817 2480 976 2521 anno
1030 2464 1211 2521 1852.
1259 2463 1469 2521 addita
1516 2463 1878 2522 Germanica
1915 2461 2166 2521 Lutheri
2217 2459 2542 2535 versione),

304 2585 434 2640 tum
487 2581 700 2640 Veteris
757 2582 1099 2639 Testamenti
1142 2582 1493 2640 Hebraicum
1540 2580 1816 2658 (primum
1860 2580 2087 2656 prodiit
2134 2596 2291 2638 anno
2338 2574 2544 2654 1849).

306 2700 577 2773 Utroque
626 2700 837 2757 labore
883 2699 1018 2757 usui
1064 2699 1409 2758 academico
1459 2700 1786 2776 consuluit,
1834 2703 2168 2775 posteaque
2217 2696 2428 2755 eodem
2469 2696 2547 2754 ad

308 2817 666 2875 adornanda
695 2817 894 2875 Biblia
938 2818 1285 2893 polyglotta
1329 2834 1473 2875 usus
1521 2820 1641 2892 est,
1688 2817 1767 2875 ad
1807 2835 1962 2891 quae
2009 2816 2244 2900 edenda
2285 2815 2422 2872 inde
2470 2814 2546 2871 ab

307 2953 468 2993 anno
514 2937 694 2992 1846.
740 2952 873 2992 011111
910 2936 1059 2994 viris
1102 2936 1175 2994 cl.
1208 2934 1528 3010 Rudolpho
1563 2935 1722 2994 Stier
1753 2937 1813 2992 et
1842 2934 1912 2992 E.
1948 2933 2018 2992 G.
2050 2933 2123 2991 A.
2156 2931 2422 2993 Boeckel
2455 2948 2547 2989 so·

309 3053 590 3111 cietatem
622 3052 771 3110 iniit.

480 3172 586 3228 Vir
618 3174 750 3229 erat
782 3172 983 3230 multis
1012 3170 1351 3228 nominibus
1387 3170 1605 3227 clarus
1669 3170 1817 3228 Cum
1845 3170 1976 3227 acie
2007 3169 2224 3227 mentis
2256 3170 2316 3226 et
2346 3168 2551 3226 iudicii

310 3290 645 3347 subtilitate
702 3289 1083 3347 coniunctam
1140 3287 1351 3372 habuit
1404 3287 1802 3345 eruditionem
1846 3306 2127 3363 magnam
2175 3287 2552 3361 docendique

311 3407 751 3465 dexteritatem.
830 3406 1134 3465 Industria
1177 3409 1238 3464 et
1268 3406 1585 3481 diligentia
1616 3406 1837 3463 nemini
1869 3406 2079 3482 cessit3
2129 3404 2312 3463 etiam
2351 3408 2553 3462 aetate

309 3525 655 3600 provectior
685 3525 956 3584 laborem
997 3542 1182 3599 saepe
1213 3525 1293 3582 ad
1323 3525 1571 3582 multam
1600 3528 1837 3582 noctem
1867 3523 2170 3598 produxit.
2259 3522 2329 3579 In
2372 3522 2554 3579 rebus

311 3660 467 3717 quae
495 3642 573 3700 ad
601 3642 937 3700 doctrinam
965 3659 1202 3700 sacram
1229 3642 1552 3717 pertinent,
1586 3645 1651 3699 ut
1676 3642 1832 3698 inter
1858 3657 2063 3698 omnes
2092 3642 2350 3714 constat,
2383 3639 2579 3696 Pela-·

310 3761 473 3835 gium
491 3760 685 3835 magis
704 3777 883 3833 quam
897 3759 1298 3835 Augustinum
1316 3763 1558 3816 secutus
1576 3757 1883 3834 est,fid'em
1902 3757 2093 3816 noluit
2108 3757 2342 3815 ratione
2361 3775 2554 3815 exem·
2621 3776 2626 3780 ·

308 3882 433 3936 tam
465 3882 646 3952 atque
678 3878 739 3934 in
765 3877 1059 3952 religione
1086 3876 1280 3952 magis
1311 3895 1491 3951 quam
1516 3877 1578 3935 in
1605 3875 1982 3934 confessione
2014 3877 2270 3934 salutem
2297 3874 2555 3950 positam

310 3996 532 4053 docuit.
603 3994 905 4053 Constans
942 3979 1001 4053 et
1032 3995 1329 4070 propositi
1358 3999 1561 4071 tenax,
1595 3996 1750 4053 idem
1780 4011 1955 4069 vero,
1990 3994 2042 4051 si
2077 4010 2275 4067 pauca
2306 3991 2555 4068 excipiS,

308 4130 458 4186 erga
491 4112 666 4170 aliter
690 4113 1018 4170 sentientes
1042 4112 1381 4187 indulgens.
1463 4111 1768 4168 Excelluit
1790 4129 2018 4169 morum
2040 4111 2344 4184 probitate
2369 4110 2556 4169 vitae-

306 4246 423 4304 que
442 4230 808 4305 integritate,
828 4229 1123 4286 modestia
1143 4228 1442 4301 animique
1464 4227 1746 4303 candore,
1768 4228 2034 4286 officiosa
2053 4246 2200 4303 erga
2222 4191 2558 4286 studiosam

306 4349 674 4405 iuventutem
718 4349 1061 4422 voluntate,
1118 4346 1367 4419 antiqua
1414 4363 1564 4420 erga
1609 4347 1834 4404 amicos
1880 4345 2018 4404 fide.
2108 4346 2230 4404 Tot
2273 4344 2556 4404 laudibus
