3072 5200
1386 412 1428 476 5

268 650 629 715 dicentibus
676 651 754 714 iis
803 651 910 730 qui
963 651 1344 715 mentionem
1393 650 1528 714 eius
1585 649 1731 713 libri
1774 649 2014 713 frustra
2057 651 2228 732 apud
2272 657 2522 718 veteres

273 787 669 867 quaerebant
687 790 750 865 ¹),
775 786 927 849 mihi
957 786 1114 849 illud
1145 787 1488 867 contigisse
1521 786 1799 851 arbitror
1830 789 1902 848 ut
1932 783 2265 865 efficerem,
2290 787 2521 851 librum

274 923 516 986 recenti
545 922 851 986 memoria
880 922 1132 987 nomine
1166 922 1475 1001 evangelii
1515 920 1845 985 Nicodemi
1892 920 2260 1000 insignitum
2290 923 2355 984 in
2383 927 2523 986 tota

273 1057 596 1122 exstitisse
647 1057 1024 1138 antiquitate
1072 1056 1311 1137 absque
1360 1055 1687 1120 Nicodemi
1733 1055 2010 1133 nomine,
2054 1048 2519 1138 proptereaque

272 1212 539 1275 prorsus
583 1212 800 1257 errare
841 1192 948 1273 qui
994 1192 1435 1272 antiquitatem
1478 1190 1625 1253 libri
1665 1190 2234 1271 auctoritatemque
2272 1194 2519 1258 novella

272 1329 398 1392 ista
428 1328 852 1409 adpellatione
883 1328 1226 1391 metiantur
1245 1331 1311 1402 2).
1374 1326 1677 1391 Codicum
1710 1326 1875 1389 enim
1908 1325 2317 1407 Graecorum,
2359 1347 2517 1408 quos

269 1463 351 1526 ad
382 1463 690 1527 edendam
739 1436 1158 1543 antiquiorem
1189 1468 1402 1528 textus
1450 1442 1883 1529 recensionem
1915 1462 2201 1542 adhibui,
2242 1464 2518 1527 omnium

269 1597 480 1662 nullus
529 1598 719 1661 alium
767 1617 920 1679 prae
970 1617 1038 1662 se
1086 1599 1339 1662 titulum
1388 1598 1514 1663 fert
1545 1618 1732 1680 quam
1774 1598 1880 1679 qui
1911 1599 2296 1679 respondeat
2340 1600 2517 1664 Actis

268 1733 369 1797 vel
417 1733 630 1797 Gestis
678 1733 886 1799 Pilati.
982 1733 1206 1817 Neque
1253 1735 1438 1801 aliter
1482 1736 1861 1801 veterrimus
1909 1735 2226 1815 interpres
2274 1734 2514 1817 Coptus

266 1870 477 1933 habet.
558 1869 740 1946 Quod
792 1873 864 1932 ut
907 1889 1094 1950 quam
1141 1875 1312 1935 recte
1367 1870 1635 1934 haberet
1680 1871 2086 1952 perspicuum
2134 1868 2349 1950 fieret,
2397 1871 2512 1934 im-

265 2005 488 2086 primis
541 2005 876 2068 videndum
931 2010 1070 2069 erat
1125 2007 1202 2069 de
1255 2007 1445 2070 variis
1507 2006 1652 2069 libri
1715 2006 1991 2071 exordiis
2052 2006 2149 2069 vel
2208 2004 2509 2085 prologis.

266 2141 560 2221 Dataque
620 2159 816 2222 opera
871 2141 1231 2205 restituisse
1285 2142 1438 2204 mihi
1492 2142 1648 2205 illud
1713 2142 1933 2205 videor
1992 2140 2159 2220 quod
2209 2139 2287 2202 ab
2348 2141 2511 2203 anti-

265 2276 571 2357 quissima
628 2276 853 2339 horum
905 2276 1093 2340 Pilati
1152 2277 1457 2341 Actorum
1515 2278 1761 2341 ratione
1828 2281 2027 2354 esset,
2105 2276 2513 2339 obscuratum

265 2412 503 2475 dudum
549 2413 703 2477 satis
748 2432 821 2476 ac
867 2414 1040 2476 varie
1095 2413 1170 2476 iis
1228 2431 1388 2492 quae
1438 2413 1903 2494 posterioribus
1953 2412 2121 2477 curis
2179 2411 2515 2475 debentur.v

263 2548 654 2613 Felicissime
706 2552 915 2612 autem
963 2549 1027 2612 in
1073 2548 1467 2613 aestimanda
1506 2549 1691 2613 istius
1733 2549 1952 2630 scripti
1996 2548 2373 2628 antiquitate
2406 2565 2510 2611 ac-

262 2685 417 2749 cidit
456 2684 626 2765 quod
665 2685 790 2748 duo
832 2683 1061 2764 quibus
1103 2685 1462 2748 continetur
1506 2685 1930 2765 antiquissimi
1970 2684 2218 2749 codices
2269 2683 2508 2748 inventi

261 2824 427 2883 sunt.
517 2819 808 2883 Alterum
854 2820 1149 2884 Latinum
1199 2822 1579 2901 rescriptum
1626 2821 1861 2884 saeculi
1904 2819 2037 2883 fere
2079 2819 2281 2899 quinti
2322 2838 2506 2899 repe-

260 2936 458 3018 rimus
506 2955 946 3033 Vindobonae3
995 2956 1265 3021 alterum
1306 2975 1730 3038 papyraceum
1776 2954 2049 3036 Coptum
2096 2954 2317 3017 eodem
2367 2972 2506 3017 sae-

260 3090 403 3153 culo
434 3089 617 3153 facile
658 3090 936 3170 priorem
984 3092 1242 3154 Taurini
1286 3059 1614 3155 nobiscum
1661 3090 2144 3155 communicavit
2186 3088 2505 3152 Amadeus

258 3225 528 3306 Peyron.
610 3225 731 3301 Qui
776 3225 1025 3290 codices
1075 3246 1267 3307 quum
1313 3231 1632 3290 testentur
1678 3231 1899 3289 nostra
1942 3225 2130 3288 Pilati
2178 3225 2340 3288 Acta
2381 3224 2505 3288 iam

258 3360 480 3440 quinto
531 3362 782 3425 saeculo
833 3366 897 3425 et
939 3361 1197 3443 Coptice
1247 3367 1312 3426 et
1354 3362 1580 3426 Latine
1627 3361 1886 3441 vulgata
1928 3360 2159 3439 fuisse,
2205 3365 2340 3424 tum
2385 3359 2505 3424 hoc

260 3493 568 3573 efficiunt,
624 3496 824 3578 ipsius
874 3497 1101 3562 Graeci
1147 3503 1358 3563 textus
1407 3498 1717 3579 originem
1767 3498 1985 3576 quinto
2035 3496 2300 3560 saeculo
2336 3493 2505 3556 haud

404 3817 438 3876 ¹)
477 3814 634 3866 Inter
659 3812 765 3866 hos
793 3820 917 3866 erat
942 3813 1212 3868 celeberr.
1239 3815 1304 3866 de
1330 3816 1590 3881 Ammon,
1629 3814 1727 3883 qui
1758 3813 2200 3882 disputationem
2229 3814 2299 3865 de
2336 3828 2502 3865 evan-

261 3913 414 3984 gelio
451 3915 755 3969 Nicodemi
789 3916 968 3967 Leben
1003 3918 1136 3968 Jesu
1164 3915 1495 3979 (1842-47.)
1519 3915 1563 3967 Ι.
1589 3933 1721 3985 pag.
1749 3916 1850 3968 102
1875 3934 1959 3987 sq.
1985 3914 2072 3967 his
2108 3914 2353 3968 orditur:
2404 3914 2503 3965 Da

259 4024 374 4068 trab
413 4017 674 4069 zwisclzen
716 4017 837 4069 dem
878 4016 1115 4069 sechsten
1157 4018 1274 4069 und
1312 4018 1531 4070 zeknten
1569 4017 1953 4070 Jahrlmndert
1984 4018 2068 4069 ein
2107 4016 2309 4067 kleines
2344 4014 2504 4066 Buek

258 4120 467 4172 hev-vor.
1114 4173 1119 4176 ⁷
2435 4105 2440 4108 ⁵

396 4224 437 4283 ²)
475 4219 560 4273 Cf.
591 4221 858 4276 editionis
885 4236 1046 4274 meae
1083 4219 1526 4289 Evangeliorum
1575 4216 2035 4288 apocryphorum
2078 4216 2335 4287 prolegg.
2368 4234 2498 4288 pag.

258 4320 396 4375 LIV
419 4340 543 4394 sqq.
