3072 5200
1653 457 1731 521 16

570 697 882 761 brevitate
914 696 1240 760 relationis
1269 693 1625 777 profectum
1657 698 1772 758 est.
1844 693 2068 774 Neque
2100 693 2301 774 magis
2332 694 2512 758 addit
2538 694 2822 758 Pilatum

573 831 794 895 nuntio
837 830 1051 895 uxoris
1095 830 1219 895 ullo
1260 830 1446 894 modo
1487 829 1553 892 in
1584 848 1720 894 rem
1751 847 1930 893 suam
1961 848 2147 893 usum
2177 847 2350 908 esse,
2397 834 2511 893 aut
2539 829 2821 893 Iudaeos

576 965 912 1046 quicquam
942 965 1402 1047 interposuisse
1443 982 1568 1044 quo
1610 958 1813 1028 nuntii
1852 968 2238 1028 momentum
2277 965 2619 1029 elevarent.
2693 964 2820 1027 At-

574 1105 785 1164 tamen
824 1099 1344 1164 verisimillimum
1376 1104 1503 1178 est,
1549 1105 1684 1163 tum
1721 1099 2022 1178 Pilatum,
2069 1118 2193 1179 quo
2240 1103 2414 1163 esset
2457 1097 2824 1171 dimittendi

574 1235 784 1298 Iesum
825 1234 1034 1299 studio
1056 1282 1070 1311 ,
1101 1234 1354 1299 minime
1386 1235 1707 1315 sprevisse
1738 1237 1868 1298 tam
1900 1234 2292 1314 inopinatum
2323 1232 2668 1297 voluntatis
2703 1251 2818 1297 ex·

574 1368 932 1451 sequendae
974 1386 1127 1432 suae
1177 1369 1558 1447 subsidium,
1604 1373 1739 1432 tum
1770 1366 2042 1432 Iudaeos
2083 1386 2244 1447 quae
2276 1373 2499 1433 contra
2528 1368 2824 1432 dicerent

574 1505 639 1567 in
667 1503 960 1585 expedito
979 1501 1296 1568 habuisse.
1345 1503 1633 1569 Iamvero
1657 1508 1996 1583 utrumque
2020 1520 2247 1567 revera
2267 1492 2475 1567 locum
2491 1501 2820 1581 habuisse,

574 1638 831 1703 disertis
865 1636 1073 1701 verbis
1105 1642 1326 1701 auctor
1342 1638 1651 1702 Actorum
1669 1638 1855 1703 Pilati
1887 1636 2159 1717 scripsit.
2204 1637 2413 1717 Atque
2446 1637 2537 1701 ita
2558 1637 2825 1719 scripsit

574 1778 645 1837 ut
674 1772 814 1854 ipsa
843 1772 1093 1852 singula
1122 1791 1248 1837 non
1278 1772 1535 1837 minima
1555 1772 2002 1854 probabilitate
2025 1775 2304 1836 utantur.
2361 1772 2601 1837 Textus
2626 1773 2820 1851 enim,

575 1907 1103 1988 quemadmodum
1136 1926 1213 1971 ex
1243 1907 1518 1988 antiquis
1549 1906 1822 1972 testibus
1852 1926 2056 1989 nuper
2085 1907 2366 1985 restitui,
2406 1907 2497 1971 ita
2523 1906 2718 1971 habet
2735 1906 2818 1988 ¹):

569 2041 657 2106 ‘O
692 2033 759 2105 δὲ
792 2040 1066 2115 Πιλᾶτος
1104 2030 1246 2103 ἰδὼν
1288 2044 1548 2129 ἔμφοβος
1595 2041 1916 2129 γενόμενος
1965 2032 2257 2116 ἐζήτησεν
2296 2044 2635 2112 ἀναστῆναι
2690 2041 2820 2103 ἀπὸ

550 2180 687 2240 ’τοῦ
721 2177 1009 2260 βήματος.
1053 2182 1144 2238 ἔτι
1176 2165 1242 2238 δὲ
1274 2179 1464 2239 αὐτοῦ
1497 2173 1938 2264 ἐνθυμουμένου
1971 2179 2335 2255 ἀναστῆναι,
2365 2180 2403 2246 ἡ
2435 2179 2587 2265 γυνῆ
2620 2178 2832 2251 αὐτοῦ,

576 2307 842 2397 ἔπεμψεν
872 2311 1015 2398 πρὸς
1047 2311 1234 2374 αὐτὸν
1265 2310 1532 2399 λέγουσα
1550 2300 1765 2381 Μηδὲν
1797 2312 1890 2374 σοὶ
1918 2311 2137 2392 καὶτῷ
2162 2307 2456 2396 ἀνθρώπῳ
2479 2320 2571 2393 τῷ
2597 2299 2819 2393 δικαίῳ

576 2445 810 2528 τούτῳ·
842 2446 1046 2509 πολλοὶ
1076 2445 1192 2535 γὰρ
1225 2443 1447 2509 ἔπαθον
1480 2435 1551 2508 δι’
1588 2447 1774 2510 αὐτὸν
1806 2445 2037 2520 νυκτός.
2087 2450 2117 2508 ὁ
2150 2435 2218 2509 δὲ
2242 2443 2519 2520 Πιλᾶτος
2548 2469 2822 2533 προοαα-

577 2580 903 2669 λεσάμενος
949 2582 1091 2657 τοὺς
1132 2571 1460 2655 Ἰουδαίους
1506 2580 1673 2672 λέγει
1719 2585 1924 2657 αὐτοῖς
1975 2570 2216 2646 Οἴδατε
2261 2581 2356 2644 ὅτι
2400 2585 2439 2654 ἡ
2487 2582 2641 2672 γυνή
2697 2607 2820 2670 μου

580 2714 863 2800 θεοσεβῆς
901 2721 1062 2779 ἐστιν
1102 2719 1205 2796 καὶ
1243 2720 1478 2802 μᾶλλον
1521 2707 1808 2792 ἱουδαίζει
1846 2718 1950 2780 σὺν
1982 2722 2136 2805 ὑμῖν.
2168 2717 2445 2806 λέγουσιν
2476 2721 2647 2799 αὐτῷ
2672 2715 2820 2798 Ναί,

578 2842 842 2937 οἴδαμεν.
884 2850 1048 2941 λέγει
1089 2854 1292 2926 αὐτοῖς
1341 2856 1373 2915 ὁ
1404 2839 1679 2926 Πιλᾶτος
1706 2842 1864 2915 Ἰδοὺ
1906 2848 2168 2937 ἔπεμψεν
2209 2856 2247 2923 ἡ
2290 2852 2442 2940 γυνή
2485 2876 2600 2940 μου
2615 2852 2666 2934 2γ)
2713 2853 2824 2917 λέ-

576 3011 771 3077 γουσα
803 2976 1018 3057 Μηδὲν
1066 2988 1160 3050 σοὶ
1204 2988 1306 3048 καὶ
1343 2996 1434 3067 τῷ
1477 2984 1772 3074 ἀνθρώπῳ
1801 2997 1893 3069 τῷ
1934 2976 2147 3069 δικαίῳ
2184 2986 2419 3069 τούτῳ·
2459 2987 2662 3050 πολλοὶ
2693 2989 2822 3077 γὰρ

579 3120 802 3185 ἔπαθον
844 3110 916 3183 δι’
960 3122 1145 3184 αὐτὸν
1186 3122 1415 3195 νυκτός.
1458 3118 1878 3209 ἀποκριθέντες
1920 3111 1987 3185 δὲ
2018 3126 2074 3185 οἱ
2099 3112 2385 3185 Ἰουδαῖοι
2412 3121 2691 3211 λέγουσιν
2720 3133 2822 3206 τῷ

579 3254 839 3336 Πιλάτῳ
881 3254 990 3326 Μῆ
1034 3260 1144 3319 οὐκ
1191 3256 1440 3341 εἴπαμεν
1487 3280 1581 3319 σοι
1627 3257 1723 3319 ὅτι
1766 3257 1913 3344 γόης
1956 3258 2145 3335 ἐστίν;
2197 3246 2325 3320 ἰδοὺ
2372 3257 2822 3347 ὀνειροπόλημα

581 3386 810 3475 ἔπεμψε
840 3391 983 3478 πρὸς
1011 3391 1125 3461 τὴν
1155 3361 1420 3479 γυναῖκά
1451 3414 1576 3453 σου.

750 3524 951 3601 Quem
980 3526 1186 3589 locum
1218 3525 1276 3589 b.
1305 3525 1485 3589 Thilo
1518 3525 1580 3587 in
1610 3523 1762 3588 Cod.
1781 3542 1993 3605 apocr.
2018 3525 2067 3588 Ι.
2087 3542 2230 3606 pag.
2259 3530 2375 3588 521
2412 3545 2505 3606 sq.
2537 3526 2824 3591 breviter

579 3665 1007 3725 commentans
1038 3659 1451 3742 improbabile
1482 3659 1661 3723 duxit
1695 3677 1952 3723 uxorem
1973 3659 2161 3723 Pilati
2182 3660 2569 3741 proselytam
2592 3667 2819 3743 portae

578 3791 804 3871 fuisse,
853 3794 1022 3873 quod
1069 3796 1132 3858 in
1183 3796 1391 3860 verbis
1435 3800 1473 3865 ἡ
1514 3794 1668 3883 γυνή
1712 3818 1827 3882 μου
1869 3791 2150 3878 θεοσεβής
2181 3799 2299 3859 etc.
2334 3796 2585 3861 omnino
2629 3796 2821 3875 inest,

716 4048 753 4109 ¹)
783 4042 869 4098 Cf.
896 4045 953 4097 in
980 4044 1066 4099 ed.
1095 4060 1222 4097 mea
1248 4042 1407 4097 Gest.
1433 4043 1541 4098 Pil.
1566 4044 1634 4098 A.
1661 4044 1734 4111 ΙΙ,
1758 4044 1805 4096 1.

716 4148 757 4209 2)
784 4145 913 4200 Hoc
948 4146 1076 4200 loco
1112 4144 1282 4198 Thilo
1322 4145 1549 4197 addidit
1584 4162 1791 4198 nomen
1816 4146 2047 4215 Πρόκλα.
2120 4145 2365 4200 Omnino
2403 4146 2573 4199 male:
2606 4163 2817 4200 nomen

583 4245 731 4299 enim
756 4246 912 4299 istud
940 4247 997 4299 in
1022 4263 1135 4299 uno
1162 4251 1382 4299 tantum
1412 4246 1613 4300 codice
1641 4245 1863 4300 Graeco
1889 4248 2197 4313 invenitur3
2236 4246 2336 4299 alii
2368 4263 2501 4301 vero
2538 4251 2652 4300 tres
2687 4264 2816 4300 cum

581 4344 804 4400 Latinis
827 4364 941 4401 non
967 4346 1198 4403 habent.
