3072 5200
1364 453 1440 515 11

289 684 531 748 Τοῦτον
566 686 811 773 εὕρομεν
844 674 1287 774 διαστρέφοντα
1314 690 1387 752 τὸ
1421 687 1586 763 ἔθνος
1616 694 1786 777 ἡμῶν
1819 690 1922 750 καὶ
1951 686 2272 750 κωλύοντα
2312 687 2523 774 φόρους

292 819 551 909 Καίσαρι
591 811 853 902 διδόναι,
900 824 1165 913 λέγοντα
1198 825 1425 887 ἑαυτὸν
1471 823 1733 913 Χριστὸν
1779 824 2031 906 βασιλέα
2076 819 2252 888 εἷναι;
2303 798 2523 904 quanl-

291 976 479 1037 quam
509 956 665 1022 haec
695 958 835 1040 ipsa
865 966 1303 1025 accusatorum
1336 960 1530 1024 verba
1555 959 1757 1025 fuisse
1790 960 1893 1022 vix
1923 959 2288 1024 credideris,

458 1064 746 1158 Iamvero
788 1095 854 1157 in
891 1094 1077 1159 Pilati
1122 1095 1302 1159 Actis
1342 1100 1748 1160 accusatores
1781 1095 1867 1158 ud
1909 1094 2179 1158 Pilatum
2218 1094 2526 1159 accedunt

290 1229 500 1292 verbis
547 1228 677 1292 his:
727 1227 966 1292 Τοῦτον
998 1220 1244 1315 οἴδαμεν
1293 1230 1442 1293 ὄντα
1488 1232 1614 1292 υἱὸν
1653 1229 1876 1316 Ἰωσὴφ
1923 1240 2034 1292 τοῦ
2075 1228 2361 1302 *rba-owe
2403 1229 2523 1291 ἀπὸ

291 1360 530 1449 Μαρίας
571 1361 964 1452 γεννηθέντα,
1007 1367 1111 1427 καὶ
1149 1366 1316 1454 λέγει
1350 1366 1570 1428 ἑαυτὸν
1602 1362 1752 1427 εἶναι
1783 1366 1907 1428 υἱὸν
1940 1362 2078 1428 θεοῦ
2109 1366 2213 1428 καὶ
2245 1362 2523 1447 βασιλέα·

288 1498 452 1560 ἀλλά
491 1501 595 1560 καὶ
632 1499 713 1561 τά
755 1498 1041 1582 σάββατα
1082 1502 1359 1583 βεβηλοῒ,
1398 1503 1503 1563 καὶ
1539 1502 1646 1564 τὸν
1685 1500 1936 1589 πάτριον
1968 1501 2149 1588 νόμον
2181 1505 2353 1587 ἡμῶν
2387 1499 2525 1583 βού-

288 1637 463 1696 λεται
494 1638 856 1697 καταλῦσαι.
935 1636 1111 1712 Quae
1144 1637 1248 1699 ubi
1273 1637 1516 1701 Pilatus
1550 1637 1921 1719 explicatius
1954 1637 2077 1700 dici
2110 1637 2263 1716 vult,
2297 1642 2528 1716 urgent

286 1769 435 1848 hoc,
485 1771 887 1835 sanctitatem
917 1771 1164 1836 sabbati
1194 1772 1370 1835 illurn
1400 1773 1672 1837 violasse
1705 1773 1983 1837 sanando
2016 1777 2314 1853 aegrotos
2344 1772 2525 1836 malis

286 1906 550 1969 artibus.
627 1906 870 1983 Quibus
903 1907 980 1972 de
1012 1907 1257 1973 artibus
1298 1908 1679 1987 interrogati
1718 1909 2095 1973 exclamant:
2143 1905 2300 1981 Γόης
2340 1908 2523 1986 ἐστίν,

285 2041 390 2102 καὶ
429 2044 493 2104 ἐν
535 2032 913 2124 Βεελζεβοὺλ
952 2038 1196 2129 ἄρχοντι
1234 2052 1359 2105 τῶν
1402 2032 1728 2129 δαιμονίων
1770 2042 2056 2125 ἐκβάλλει
2094 2042 2176 2105 τοὶ
2223 2033 2524 2130 δαιμόνια,

285 2177 389 2237 καὶ
427 2146 632 2239 πάντα
672 2179 842 2257 αὐτῷ
884 2175 1312 2240 ὑποτάσσεται.
1388 2177 1565 2242 Haec
1606 2179 1924 2243 accusatio
1967 2182 2031 2243 et
2070 2178 2250 2242 civile
2289 2178 2526 2243 crimen

286 2316 352 2375 et
401 2312 855 2393 blasphemiam
909 2314 1378 2395 complectitur:
1432 2333 1621 2395 quam
1676 2314 1941 2379 eandem
1993 2314 2323 2379 criminum
2376 2334 2524 2380 con-

285 2446 668 2513 iunctionem
700 2448 894 2512 verba
922 2449 1134 2513 Lucae
1154 2448 1200 2530 ¹)
1232 2447 1608 2530 significant.
1670 2449 1788 2514 His
1823 2468 1971 2514 vero
2005 2469 2194 2531 quam
2223 2452 2525 2515 maiorem

284 2583 481 2653 verba
510 2584 816 2648 Actorum
846 2585 1365 2666 perspicuitatem
1397 2584 1665 2666 habent,
1714 2605 1851 2650 eam
1880 2605 2064 2651 nemo
2097 2587 2342 2651 auctori
2386 2606 2523 2652 ver-

282 2719 438 2784 terit
495 2720 668 2783 vitio.
757 2718 1055 2783 Ceterum
1107 2719 1420 2796 Iohannes
1481 2741 1736 2803 quoque
1789 2722 2064 2788 Iudaeos
2122 2722 2186 2785 in
2246 2726 2528 2787 extrema

283 2873 548 2919 caussae
589 2855 836 2920 actione
879 2873 1020 2919 cum
1063 2855 1291 2920 eximia
1329 2856 1644 2936 gravitate
1684 2858 1763 2921 ad
1800 2858 2251 2938 blasphemiam
2292 2875 2522 2939 provo—

281 3009 462 3055 casse
494 2989 646 3054 facit
681 2996 776 3068 19,
812 2997 869 3055 7.
916 2991 1119 3070 Quod,
1152 2991 1404 3073 opinor,
1436 3010 1564 3056 non
1592 2992 1754 3056 hanc
1789 2993 1909 3055 vim
1940 2992 2134 3057 habet
2164 2997 2234 3055 ut
2264 2993 2399 3056 eius
2432 2993 2525 3056 rei

279 3130 470 3189 antea
498 3124 777 3189 nondum
810 3126 895 3189 sit
922 3126 1157 3190 mentio
1189 3125 1373 3191 facta.
1422 3127 1816 3206 Quamquam
1842 3128 2005 3190 enim
2033 3127 2275 3192 Pilatus
2308 3127 2526 3191 audita

279 3260 712 3343 blasphemiae
762 3260 1199 3325 criminatione
1244 3261 1446 3342 magis
1494 3262 1685 3325 etiam
1733 3262 2028 3327 turbatus
2078 3282 2220 3328 esse
2274 3263 2522 3342 dicitur,

279 3401 493 3460 tamen
522 3395 644 3478 ipsi
675 3415 821 3461 mox
851 3402 1256 3462 accusatores
1289 3398 1369 3462 ad
1400 3397 1638 3462 crimen
1670 3396 2002 3463 affectatae
2042 3400 2378 3481 potestatis
2420 3419 2521 3462 re-

277 3532 423 3611 giae
453 3537 819 3609 recurrunt,
852 3533 942 3596 ita
971 3538 1042 3596 ut
1071 3532 1238 3597 inter
1269 3537 1609 3614 utrumque
1641 3538 1841 3597 totam
1872 3535 2339 3598 accusationem
2367 3532 2521 3597 fluc-

276 3670 496 3730 tuasse
540 3667 870 3747 probabile
917 3665 1044 3730 fiat.
1129 3667 1394 3732 Accedit
1438 3668 1610 3749 quod
1656 3688 1733 3731 ex
1770 3668 1958 3731 Pilati
2004 3667 2214 3731 verbis
2262 3674 2522 3733 auctore

275 3800 559 3865 Iohanne
608 3801 856 3881 primis:
903 3798 1158 3884 Λάβετε
1196 3802 1383 3864 αὐτὸν
1425 3806 1590 3889 ὑμεῖς
1630 3803 1733 3864 καὶ
1777 3802 1943 3865 κατὰ
1984 3803 2092 3866 τὸν
2133 3804 2314 3892 νόμον
2354 3809 2519 3891 ὑμῶν

415 4056 450 4116 ¹)
477 4050 853 4105 Memorabile
880 4057 968 4105 est
981 4051 1329 4107 Marcionem
1357 4055 1510 4121 apud
1526 4053 1931 4122 Epiphanium,
1959 4054 2369 4107 accedentibus
2395 4057 2519 4124 plu-

199 4190 209 4200 ·
274 4155 433 4206 ribus
461 4152 873 4225 antiquissimis
888 4152 1111 4206 Latinis
1141 4153 1456 4220 codicibu3‚
1484 4160 1701 4207 textum
1716 4156 1907 4207 Lucae
1935 4172 2103 4225 quem
2130 4154 2375 4209 vidimus
2402 4175 2520 4211 ver-

274 4255 363 4307 bis
391 4254 480 4306 his
507 4256 762 4309 auxisse:
797 4259 884 4307 καὶ
909 4255 1242 4307 καταλύοντα
1263 4255 1358 4307 τὸν
1382 4256 1542 4323 νόμον
1565 4260 1651 4306 καὶ
1673 4257 1797 4314 τοὺς
1821 4258 2121 4327 προφήτας,
2160 4274 2308 4328 quae
2346 4260 2518 4313 etiam

271 4356 509 4426 propius
536 4357 609 4411 ad
634 4363 851 4411 textum
875 4358 1152 4412 Actorum
1179 4357 1476 4414 accedunt.
