3072 5200
620 734 850 794 cuntur
881 726 1210 808 evangelia
1240 730 1394 791 satis
1427 731 1692 790 constat.
1755 726 1929 802 Quae
1962 725 2247 805 quamvis
2285 743 2403 789 nec
2449 744 2668 789 eorum
2700 742 2859 805 quo-

618 883 760 928 rum
800 863 1054 927 nomina
1090 881 1244 943 prae
1277 881 1345 925 se
1384 860 1598 925 ferunt
1636 860 2129 942 apostolicorum
2170 860 2297 924 sint
2341 864 2697 939 auctorum,
2743 879 2865 924 nec

619 999 984 1064 sinceritate
1044 995 1189 1062 fidei
1248 1001 1359 1059 aut
1418 997 1706 1060 veritatis
1760 1014 1972 1060 amore
2025 996 2153 1060 ullo
2213 997 2401 1060 modo
2455 994 2865 1075 aequiparari

619 1138 854 1214 queant
899 1132 1214 1197 canonicis
1261 1132 1546 1213 scriptiS,
1594 1151 1861 1212 quorum
1910 1150 2062 1195 sane
2112 1132 2555 1195 auctoritatem
2602 1129 2864 1194 affecta-

616 1271 796 1334 bant:
866 1274 1106 1347 tamen,
1168 1268 1355 1330 modo
1412 1268 1492 1330 ad
1549 1286 1625 1330 ea
1671 1286 1951 1332 summae
2008 1250 2403 1346 antiquitatis
2461 1265 2866 1329 Christianae

616 1410 906 1487 tempora
943 1403 1307 1484 pertineant
1344 1421 1612 1482 quorum
1650 1403 2001 1483 perexigua
2037 1402 2395 1465 litterarum
2436 1405 2686 1465 exstant
2724 1419 2865 1462 mo-

614 1540 921 1618 nimenta,
952 1557 1142 1620 posse
1189 1538 1388 1601 multa
1419 1537 1742 1601 continere
1776 1556 1938 1617 quae
1979 1537 2281 1602 canonica
2310 1536 2647 1618 suppleant
2676 1534 2864 1598 facile

616 1674 1025 1755 intellegitur.
1128 1673 1351 1753 Neque
1409 1673 1728 1736 enimvero
1790 1672 2224 1737 tantummodo
2294 1675 2593 1754 poterant
2643 1689 2864 1734 verum

616 1811 807 1889 etiam
855 1809 1172 1873 debebant
1218 1808 1490 1888 aliquam
1532 1807 1875 1872 historicae
1921 1806 2209 1871 veritatis
2249 1808 2560 1871 rationem
2598 1805 2863 1883 habere,

617 1964 740 2026 quo
773 1945 915 2026 plus
946 1942 1095 2008 fidei
1140 1942 1324 2008 fieret
1369 1943 1770 2024 opinionibus
1800 1942 1998 2007 falsis
2021 1942 2129 2021 iis,
2180 1960 2336 2022 quas
2377 1942 2458 2006 ad
2498 1914 2861 2023 probandas

615 2080 1025 2145 stabiliendas
1056 2079 1500 2161 propagandas
1532 2078 1611 2142 ab
1654 2078 2021 2143 auctoribus
2060 2077 2192 2142 suis
2232 2081 2382 2142 sunt
2417 2076 2691 2140 inventa.
2753 2074 2861 2138 Ni-

601 2216 843 2278 mirum
890 2214 1188 2294 quicquid
1233 2214 1519 2278 historici
1573 2213 1930 2293 argumenti
1977 2232 2016 2277 a
2042 2213 2412 2294 {dogmatica
2462 2211 2710 2276 ratione
2757 2211 2863 2274 vel

612 2350 819 2415 minus
865 2349 966 2413 vel
1008 2349 1195 2430 plane
1241 2368 1366 2412 non
1409 2347 1753 2430 pendebat,
1800 2347 1866 2411 id
1912 2347 1993 2411 ad
2037 2348 2240 2430 ipsam
2277 2347 2493 2428 potius
2523 2345 2861 2410 historiam

615 2476 1006 2551 conformare
1067 2504 1254 2566 quam
1319 2484 1681 2548 luxuriante
1748 2468 2030 2565 ingenio
2061 2480 2301 2563 fingere
2349 2462 2861 2547 'consentaneum

613 2627 781 2701 erat,
841 2641 915 2688 eo
979 2621 1356 2704 praesertim
1409 2625 1697 2701 tempore
1744 2638 1867 2699 quo
1928 2619 2204 2699 aliquam
2252 2618 2598 2683 earundem
2642 2636 2862 2681 rerum

613 2762 938 2837 gestarum
969 2757 1334 2820 memoriam
1367 2756 1532 2819 inter
1561 2756 1794 2820 multos
1827 2755 2134 2820 exsistere
2167 2759 2410 2819 certum
2441 2757 2629 2818 esset.

780 2893 1070 2957 Iamvero
1112 2892 1190 2955 de
1223 2891 1458 2955 ultimis
1492 2890 1729 2955 Christi
1774 2890 1923 2955 fatis
1965 2890 2020 2954 si
2059 2875 2415 2970 quaeritur,
2463 2888 2544 2953 ad
2585 2907 2662 2952 ea
2701 2906 2859 2974 apo-

613 3026 995 3109 cryphorum
1040 3028 1422 3108 scriptorum
1461 3025 1615 3088 nihil
1652 3025 1853 3106 magis
1892 3003 2173 3107 pertinet
2212 3043 2399 3104 quam
2444 3025 2605 3088 Acta
2644 3023 2857 3086 Pilati.

611 3160 708 3225 Ea
753 3162 891 3226 dico
939 3163 1099 3226 Acta
1150 3181 1312 3242 quae
1357 3162 1482 3226 iam
1535 3165 1748 3228 aetate
1797 3161 2028 3225 Iustini
2070 3160 2401 3241 MartyriS,
2451 3159 2703 3224 saeculo
2752 3177 2858 3221 se-

613 3297 817 3361 cundo
862 3297 1089 3376 medio,
1122 3315 1247 3360 non
1284 3297 1471 3360 modo
1504 3295 2110 3360 circumferebantur
2148 3295 2263 3359 sed
2292 3312 2585 3375 magnam
2624 3291 2854 3355 famam

612 3436 803 3511 atque
851 3431 1293 3495 auctoritatem
1332 3436 1516 3495 erant
1556 3433 1813 3512 adepta:
1865 3449 2027 3511 quae
2071 3430 2326 3511 quidem
2364 3448 2489 3494 non
2528 3433 2656 3492 tam
2686 3428 2857 3490 Pila-

612 3572 746 3631 tum
777 3572 1102 3631 auctorem
1131 3566 1432 3631 habuisse
1473 3585 1662 3646 quam
1693 3585 1730 3628 a
1771 3566 2130 3630 Christiano
2172 3585 2249 3629 ex
2292 3564 2546 3628 Iudaeis
2587 3562 2857 3627 oriundo

613 3704 963 3782 composita
990 3702 1207 3782 fuisse,
1240 3702 1595 3767 luculenter
1625 3701 1913 3765 omnibus
1946 3700 2022 3764 iis
2053 3699 2363 3782 probatur
2394 3716 2557 3778 quae
2595 3698 2739 3761 inde
2772 3696 2853 3759 ab

612 3836 834 3899 eodem
876 3837 1120 3901 Iustino
1168 3841 1233 3902 et
1278 3838 1737 3917 quinquaginta
1778 3836 1911 3900 fere
1966 3836 2144 3899 annis
2191 3839 2339 3917 post
2377 3853 2415 3898 a
2461 3832 2851 3896 Tertulliano

610 3971 805 4035 allata
848 3976 1013 4035 sunt.

782 4107 894 4187 At,
940 4106 1222 4187 quaeris,
1270 4107 1394 4171 ista
1436 4105 1601 4170 Acta
1646 4105 1901 4169 ubinam
1954 4105 2142 4171 sunt?
2214 4105 2560 4192 Postquam
2615 4102 2847 4165 dudum

614 4240 872 4305 fuerunt
902 4242 1009 4322 qui
1039 4243 1515 4324 suspicarentur
1536 4243 1608 4305 in
1646 4242 1972 4321 evangelio
2006 4239 2175 4319 quod
2206 4238 2328 4301 dici
2370 4237 2700 4301 consuevit
2735 4236 2848 4299 Ni-

615 4375 858 4439 codemi
916 4376 1126 4441 inesse
1182 4377 1369 4457 plura
1425 4394 1588 4456 quae
1647 4396 1725 4440 ex
1773 4375 1963 4439 Pilati
2013 4374 2189 4437 Actis
2242 4371 2567 4452 fluxerint,
2630 4375 2852 4434 contra
