3072 5200
1357 470 1437 533 15

271 704 349 768 in
391 704 613 769 eodem
661 692 981 786 praetorio
1029 707 1308 789 positum
1360 708 1706 789 cogitatur,
1750 711 1913 773 Acta
1950 709 2139 772 Pilati
2176 710 2373 775 invito
2422 711 2525 774 Io-

272 839 489 903 hanne
519 858 661 904 cum
690 841 1013 906 Matthaeo
1045 840 1303 907 faciunt.

455 973 581 1039 Sed
626 975 708 1040 ad
753 976 1191 1056 quaestionem
1237 977 1316 1041 de
1359 979 1583 1041 nuntio
1631 978 1847 1043 uxoris
1893 979 2082 1043 Pilati
2130 980 2523 1044 redeundum

280 1114 402 1174 est.
477 1110 718 1186 Quodsi
746 1111 933 1176 modo
966 1112 1045 1176 de
1075 1112 1377 1177 tribunali
1408 1113 1579 1194 apud
1609 1112 1999 1179 Matthaeum
2033 1121 2520 1180 commemorato

278 1250 457 1310 recte
486 1246 786 1327 vidimus,
826 1247 1039 1313 verbis
1073 1248 1236 1312 eius:
1279 1245 1623 1336 καθημένου
1658 1237 1723 1311 δὲ
1755 1251 1946 1312 αὐτοῦ
1979 1250 2076 1312 ἐπὶ
2105 1259 2218 1312 τοῦ
2250 1250 2521 1335 βήματος

277 1381 535 1445 minime
567 1381 881 1447 indicatur
911 1388 1194 1449 extrema
1223 1383 1436 1448 iudicii
1464 1403 1645 1466 pars,
1692 1402 1819 1464 qua
1846 1384 2089 1449 Pilatus
2119 1385 2244 1449 iam
2273 1385 2339 1449 id
2369 1404 2520 1466 age-

277 1515 394 1580 bat
421 1521 494 1580 ut
520 1515 720 1583 ferret
748 1518 826 1582 de
859 1516 1007 1582 Iesu
1037 1519 1443 1598 sententiam,
1478 1519 1593 1583 sed
1625 1520 1991 1583 universum
2021 1520 2237 1584 iudicii
2268 1525 2519 1602 tempus

279 1650 704 1732 significatur,
734 1653 828 1717 ita
856 1658 930 1716 ut
955 1651 1090 1718 fere
1120 1653 1288 1717 idem
1318 1655 1402 1718 sit
1431 1673 1503 1718 ac
1535 1654 1590 1718 si
1623 1655 1932 1737 scriptum
1972 1659 2172 1720 esset:
2218 1655 2387 1718 Dum
2417 1656 2518 1720 Ie-

279 1806 392 1852 sus
425 1807 636 1853 coram
652 1788 858 1853 Pilato
890 1788 1096 1853 iudice
1129 1788 1357 1853 stabat.
1403 1788 1683 1855 Notatur
1710 1789 1909 1871 igitur
1938 1790 2177 1870 aliquid
2200 1791 2369 1870 quod
2392 1809 2519 1854 non

277 1941 544 1988 necesse
583 1928 683 1989 est
718 1924 784 1987 in
821 1943 961 1989 eam
998 1925 1203 2007 ipsam
1239 1924 1519 1990 incidere
1561 1926 1872 1990 actionem
1912 1925 2014 1990 cui
2051 1925 2359 1989 insertum
2399 1931 2515 1990 est.

275 2060 374 2122 Ac
412 2058 663 2123 videtur
703 2078 851 2124 vero
890 2059 1064 2124 istud
1105 2060 1601 2125 additamentum
1642 2079 1781 2125 eam
1802 2060 2219 2142 potissimum
2247 2061 2374 2124 vim
2403 2061 2515 2125 ha-

274 2166 454 2273 bere,
485 2198 558 2258 ut
586 2194 846 2258 nuntius
879 2194 956 2258 de
988 2195 1231 2260 somnio
1262 2195 1476 2260 uxoris
1508 2214 1634 2260 non
1662 2195 1832 2260 inter
1860 2195 2083 2277 ipsam,
2115 2196 2215 2260 cui
2233 2196 2515 2279 interpo-

276 2329 442 2394 situs
491 2334 617 2410 est,
664 2330 1183 2396 deliberationem
1228 2331 1306 2395 de
1351 2350 1461 2396 reo
1507 2331 1828 2414 paschatis
1874 2349 2101 2396 caussa
2144 2331 2516 2397 dimittendo

276 2465 613 2531 advenisse
638 2464 1050 2530 existimetur.
1099 2466 1300 2542 Quem
1330 2466 1395 2529 in
1426 2468 1683 2531 modum
1712 2467 1768 2531 si
1790 2466 2099 2530 Matthaei
2129 2467 2336 2530 locum
2366 2487 2515 2548 pro-

273 2600 574 2667 babiliter
605 2600 1045 2682 explicuimus,
1082 2602 1240 2666 nihil
1270 2600 1485 2667 obstat
1515 2603 1850 2683 quominus
1882 2602 2069 2667 Pilati
2098 2602 2276 2666 Actis
2308 2602 2517 2684 ipsum

272 2743 550 2819 tempuS,
583 2754 708 2815 quo
741 2736 1119 2801 adveniebat
1146 2738 1434 2816 nuntius,
1475 2743 1769 2802 accurate
1801 2757 2169 2819 expressum
2198 2742 2515 2820 putemus

224 2907 228 2912 ·
273 2872 461 2950 Quod
490 2876 566 2935 ut
592 2876 943 2952 teneamus,
977 2872 1168 2936 etiam
1199 2872 1371 2936 aliud
1402 2876 1502 2936 est
1530 2872 1700 2952 quod
1728 2891 1845 2936 nos
1878 2877 2247 2937 commovet.
2309 2874 2515 2950 Quum

273 3008 442 3072 enim
474 3008 901 3087 evangelistae
933 3026 1150 3073 omnes
1182 3013 1505 3089 quattuor,
1539 3011 1611 3071 ut
1637 3008 1764 3071 iam
1785 3007 2277 3087 observavimuS,
2307 3008 2513 3073 minus

270 3143 355 3207 ad
386 3143 452 3207 id
482 3143 871 3207 attenderint
898 3147 972 3206 ut
1000 3143 1235 3224 primas
1265 3142 1481 3206 iudicii
1512 3143 1793 3207 actiones
1825 3142 2163 3223 diligenter
2193 3143 2511 3208 describe-

269 3282 444 3357 rent,
488 3278 718 3342 mirum
748 3296 871 3342 non
904 3282 1004 3342 est
1034 3277 1205 3359 quod
1235 3295 1454 3343 eorum
1484 3277 1695 3342 nullus
1725 3282 1983 3360 praeter
2011 3278 2403 3342 Matthaeum
2434 3279 2511 3343 de

268 3412 488 3477 uxoris
518 3413 706 3477 Pilati
734 3414 955 3478 nuntio
991 3413 1302 3495 exposuit.
1394 3411 1505 3476 Sin
1533 3432 1685 3478 vero
1717 3413 1772 3477 is
1802 3413 2062 3478 nuntius
2092 3413 2511 3484 intervenisse

266 3548 588 3630 putandus
621 3553 794 3613 esset
817 3567 940 3629 quo
971 3553 1261 3630 tempore
1289 3547 1534 3612 Pilatus
1562 3548 1999 3629 quaestionem
2022 3548 2100 3612 de
2124 3546 2508 3611 absolvendo

266 3702 380 3748 reo
420 3685 893 3765 proposuisset,
936 3684 1165 3748 mirum
1214 3690 1389 3751 esset
1432 3702 1470 3746 a
1508 3683 1685 3745 Luca
1730 3682 2076 3761 Marcoque
2122 3686 2188 3745 et
2230 3681 2508 3747 Iohanne

267 3837 413 3883 eum
451 3818 742 3881 nuntium
785 3818 971 3899 plane
1017 3814 1356 3899 praeteriri
1400 3816 1680 3897 silentio,
1727 3834 1921 3896 quum
1968 3834 2184 3882 omnes
2229 3816 2512 3881 referant

267 3972 430 4033 quae
463 3953 632 4017 circa
660 3952 848 4016 istam
878 3951 1064 4015 Pilati
1098 3951 1534 4033 quaestionem
1566 3956 1920 4016 versantur.

441 4087 741 4152 Ceterum
792 4090 1061 4168 apparet
1106 4086 1315 4167 ipsum
1369 4086 1766 4150 Matthaeum
1818 4085 2025 4149 obiter
2072 4088 2319 4148 tantum
2370 4103 2507 4149 eam

269 4243 406 4288 rem
436 4223 745 4304 tetigisse.
806 4222 979 4287 Nihil
1010 4222 1177 4286 enim
1204 4219 1404 4285 refert
1425 4220 1549 4284 nisi
1571 4218 1766 4283 verba
1787 4220 2022 4300 uxoris,
2055 4223 2121 4283 et
2140 4220 2232 4283 ita
2254 4219 2507 4299 quidem

270 4362 343 4423 ut
372 4357 503 4424 fere
537 4358 868 4424 videantur
897 4378 936 4423 a
964 4358 1186 4422 nuntio
1216 4357 1284 4420 in
1313 4375 1569 4421 scenam
1597 4355 1814 4420 iudicii
1845 4355 2129 4420 clamari:
2176 4354 2240 4417 id
2270 4356 2439 4437 quod
2470 4375 2509 4420 a
