3072 5200
1607 445 1689 510 28

480 662 485 667 ’
534 682 790 759 insignis
830 702 1009 758 quum
1041 689 1230 761 esset,
1263 683 1390 743 fieri
1431 703 1550 744 non
1580 685 1777 763 potuit
1809 684 1952 758 quin
1982 685 2134 742 bene
2167 686 2496 741 mereretur
2527 682 2602 739 de
2634 700 2773 739 aca-

535 801 750 877 demia,
786 801 857 858 de
889 803 1107 878 patria,
1142 803 1215 861 de
1248 804 1437 861 saeris
1472 804 1705 861 litteriS.
1764 802 1939 875 Quod
1972 819 2089 875 quo
2122 801 2248 859 iure
2282 800 2571 875 dicamus,
2604 801 2773 858 nulla

538 936 602 975 re
635 919 881 991 probari
914 919 1252 979 evidentius
1283 922 1506 995 poterit
1550 939 1727 996 quam
1769 922 1819 979 si
1851 921 2054 996 paullo
2088 918 2431 977 accuratius
2466 919 2539 975 de
2574 919 2775 977 Socie-

533 1038 659 1094 tate
689 1035 1025 1110 Exegetica
1054 1038 1408 1097 videbimuS.

701 1155 870 1212 Haec
911 1156 1186 1215 Societas
1227 1157 1472 1215 condita
1512 1162 1607 1216 est
1645 1174 1848 1215 mense
1880 1156 2034 1214 Iulio
2075 1155 2217 1213 anui
2262 1157 2443 1213 1817.
2477 1174 2515 1213 a
2544 1156 2676 1213 viro
2711 1157 2771 1214 S.

534 1272 681 1329 Ven.
724 1271 795 1329 G.
839 1273 906 1329 B.
950 1274 1221 1350 Winer,
1272 1275 1585 1350 viguitque
1627 1276 1836 1332 eodem
1877 1273 2158 1348 praeside
2200 1274 2278 1332 ad
2319 1291 2540 1331 annum
2579 1291 2773 1347 usque

537 1380 725 1447 1823.
758 1408 875 1464 quo
914 1391 1007 1448 vir
1047 1391 1120 1449 de
1163 1394 1354 1455 sacris
1395 1392 1613 1451 litteris
1653 1393 1771 1450 iam
1802 1396 1925 1451 tum
1957 1393 2111 1451 bene
2142 1392 2388 1449 meritus
2418 1391 2630 1467 Lipsia
2661 1392 2768 1449 Er-

531 1507 775 1582 langam
816 1514 1070 1567 vocatus
1112 1514 1221 1568 est.
1310 1511 1475 1568 Intra
1523 1509 1635 1569 hos
1681 1528 1872 1569 annos
1922 1528 2029 1568 sex
2070 1509 2359 1568 Societati
2399 1509 2770 1585 Exegeticae

532 1626 651 1682 iam
682 1626 1088 1702 quadraginta
1122 1628 1268 1686 socii
1304 1628 1595 1704 adscripti
1628 1631 1829 1704 erant,
1878 1628 2032 1686 inter
2064 1646 2216 1702 quos
2247 1630 2445 1686 locum
2475 1628 2772 1686 decimum

532 1744 847 1818 septimum
885 1746 1239 1804 tenebatc.
1282 1745 1353 1803 G.
1397 1745 1509 1804 Gu.
1553 1745 1830 1804 Theile.
1921 1746 2086 1804 Idem
2127 1764 2271 1825 vero
2312 1747 2524 1819 paucis
2555 1747 2770 1804 mensi-

531 1861 643 1919 bus
687 1868 827 1936 post
872 1864 1099 1922 Wineri
1147 1864 1227 1922 ad
1271 1865 1546 1922 Bavaros
1601 1865 1857 1940 abitum,
1924 1881 2127 1922 mense
2176 1862 2428 1922 Octobri
2478 1882 2534 1921 a.
2587 1867 2770 1922 1823.

532 1979 897 2038 Societatem
937 1981 1067 2055 ipse
1107 1983 1407 2041 moderari
1447 1984 1665 2058 coepit.
1753 1982 1843 2041 Ac
1883 1983 2232 2040 moderatus
2274 1987 2366 2040 est
2407 1982 2484 2040 ab
2526 1999 2596 2039 eo
2630 1981 2771 2038 inde

531 2101 798 2181 tempore
830 2116 1019 2172 usque
1054 2100 1132 2157 ad
1163 2118 1382 2158 annum
1414 2101 1783 2175 superiorem
1824 2118 1941 2174 quo
1973 2100 2102 2157 vita
2134 2099 2426 2176 decessit,
2475 2099 2772 2157 exercita·

530 2216 795 2279 tionibus
828 2215 952 2274 fere
983 2235 1286 2291 nunquam
1317 2218 1435 2277 nisi
1465 2218 1746 2277 feriarum
1781 2235 1999 2276 caussa
2029 2218 2405 2275 intermissis.
2496 2217 2630 2274 Hoc
2662 2234 2775 2291 per

532 2338 768 2406 tempus
809 2333 888 2391 ad
927 2334 1132 2409 priora
1168 2337 1410 2394 nomina
1452 2336 1861 2411 quadraginta
1900 2339 2291 2394 accesserunt
2329 2334 2454 2392 fere
2488 2304 2773 2393 ducenta.

533 2450 666 2522 Qua
707 2454 907 2509 autem
945 2452 1100 2509 inter
1132 2453 1295 2512 cives
1328 2454 1710 2512 academicos
1740 2454 1902 2512 fama
1934 2453 2221 2529 floruerit,
2256 2452 2510 2511 iudicari
2540 2426 2774 2527 poterit

532 2568 611 2626 ad
650 2569 890 2628 nomina
931 2588 1136 2629 eorum
1177 2573 1278 2647 qui
1318 2590 1565 2647 operam
1606 2572 1900 2631 dederunt
1942 2571 2098 2630 utin
2132 2571 2430 2638 sociorum
2460 2588 2778 2629 numerum

532 2687 1034 2747 adsciscerentur.
1102 2692 1330 2749 Horum
1362 2691 1520 2749 enim
1549 2691 1829 2765 permulti
1861 2694 1921 2748 et
1951 2690 2067 2764 ipsi
2099 2691 2158 2747 in
2191 2690 2607 2748 claritudinem
2636 2706 2779 2763 per-

531 2810 850 2881 venerunt,
898 2808 997 2865 vel
1036 2826 1342 2867 munerum
1382 2827 1538 2883 quae
1578 2811 1900 2884 gesserunt
1938 2809 2240 2884 gravitate
2279 2809 2378 2865 vel
2411 2808 2781 2881 scriptorum

533 2940 688 3008 quae
731 2924 1047 2983 ediderunt
1084 2928 1487 3002 praestantia,
1534 2928 1633 2984 vel
1676 2926 2008 2984 eruditione
2048 2928 2145 2984 vel
2185 2944 2332 2984 vera
2361 2926 2587 3000 pietate
2619 2943 2778 2999 prae

534 3043 749 3100 ceteris
794 3043 1033 3101 laudem
1079 3049 1468 3121 quaerentes,
1519 3045 1596 3102 de
1645 3045 1904 3102 ecclesia
1951 3044 2309 3119 evangelica
2349 3023 2535 3102 variis
2574 3043 2777 3101 modis

531 3165 959 3232 promerentes.
1047 3162 1228 3220 Haud
1277 3163 1532 3238 exiguus
1583 3165 1789 3220 eorum
1835 3167 1928 3221 est
1974 3179 2253 3220 numerus
2302 3162 2404 3236 qui
2448 3165 2662 3236 postea
2710 3160 2777 3217 in

533 3277 718 3335 variis
767 3277 1127 3338 Germaniae
1182 3281 1510 3338 academiis
1564 3279 1935 3355 theologiam
1986 3279 2245 3355 professi
2295 3283 2452 3338 sunt.
2540 3278 2776 3335 Horum

531 3395 773 3453 nomina
817 3396 1098 3470 adposito
1145 3399 1510 3473 receptionis
1559 3415 1805 3456 numero
1853 3398 2224 3456 adscribam:
2284 3398 2420 3456 Car.
2469 3396 2773 3454 Guilielm.

530 3514 850 3573 Niedner
882 3513 1032 3591 (22),
1067 3515 1203 3574 Car.
1226 3517 1326 3573 Fr.
1344 3515 1502 3591 Aug.
1533 3513 1918 3574 Fritzsche
1953 3513 2103 3593 (35),
2134 3516 2315 3574 Ferd.
2347 3516 2511 3572 Flor.
2542 3510 2774 3570 Fleck

534 3631 691 3708 (38),
742 3632 975 3692 Theod.
1005 3633 1142 3692 Alb.
1175 3635 1493 3693 Liebner
1525 3631 1684 3711 (47),
1732 3633 2161 3707 Rud.‚Ange1·
2194 3631 2351 3710 (53),
2405 3632 2542 3691 Car.
2582 3634 2772 3690 Henr.

530 3750 644 3808 Ed.
691 3749 1196 3811 Lommatzsch
1244 3752 1406 3829 (56),
1461 3753 1619 3827 Aug.
1669 3752 1848 3810 Ferd.
1895 3749 2144 3809 Dahne
2193 3749 2352 3828 (58),
2407 3750 2551 3807 Ern.
2601 3750 2771 3807 Frid.

532 3868 811 3943 Gelpke
845 3869 1002 3945 (63),
1052 3868 1180 3927 Ioh.
1225 3869 1396 3928 Gust.
1435 3870 1603 3927 Frid.
1644 3869 1962 3958 Billroth
2004 3867 2164 3944 (64),
2211 3869 2313 3925 Fr.
2346 3868 2499 3926 Rud.
2531 3869 2770 3925 Hasse

534 3988 691 4064 (67),
741 3989 943 4045 Herm.
978 3987 1149 4047 Gust.
1183 3989 1625 4045 Hoelemann
1658 3986 1817 4063 (84)),
1870 3986 2168 4045 Guilielm.
2209 3987 2409 4044 Bruno
2449 3985 2773 4043 Lindner

533 4105 723 4185 (107).
811 4106 907 4165 Ad
953 4104 1063 4166 hos
1109 4107 1270 4181 ipse
1320 4123 1559 4180 quoque
1606 4105 1838 4180 accessi
1878 4122 2123 4162 numero
2170 4107 2307 4163 109.
2350 4106 2585 4161 aestate
2626 4104 2770 4161 anni

537 4226 715 4282 1836.
805 4225 932 4282 Iam
973 4230 1112 4282 ante
1152 4224 1451 4283 Theilium
1492 4242 1568 4282 ex
1607 4222 1817 4281 horum
1859 4224 2228 4298 collegarum
2265 4239 2509 4279 numero
2551 4221 2772 4279 mortui

529 4347 668 4401 sunt
697 4341 1066 4419 Billrothius,
1097 4342 1402 4419 Fleekius,
1435 4341 1828 4401 Fritzschius.
