3072 5200
991 720 993 723 ¹
1078 737 1888 816 TISCHENDORFIANA.

356 1012 615 1062 Doctrina.
645 1010 807 1108 Pauli1
830 1010 1075 1097 Apsostoli
1105 1012 1167 1058 de
1191 1011 1246 1057 vi
1271 1011 1449 1059 mortis
1476 1011 1667 1060 Christi
1692 1011 2048 1058 satisfactoria.
2098 1011 2328 1058 Praemio
2354 1010 2494 1071 regio
2521 1023 2600 1055 or·

358 1081 751 1209 Dizlgttltatiggge·
776 1074 1145 1207 Gssrilslizffpane
1167 1147 1314 1195 vitae
1336 1146 1446 1195 sive
1473 1147 1535 1193 de
1560 1147 1675 1193 loco
1698 1147 1734 1193 J
1737 1146 1816 1193 oh.
1842 1146 1935 1205 VI,
1972 1143 2188 1194 51—59.
2215 1161 2399 1194 coenae
2430 1159 2601 1193 sacrae

427 1217 746 1278 potissimum
773 1216 968 1262 ratione
993 1215 1183 1262 habita.
1221 1215 1414 1263 Ornata
1435 1215 1663 1274 praemio
1687 1215 2032 1262 Ammoniano.
2074 1215 2219 1261 1839.
2258 1210 2321 1277 ¹s3
2346 1215 2485 1260 Thlr.

182 1290 186 1297 ’
278 1300 280 1304 ’
358 1283 681 1332 Dissertatio
707 1283 898 1331 critica
916 1285 970 1331 et
994 1283 1268 1345 exegetica.
1292 1283 1354 1330 de
1380 1283 1561 1330 Matth.
1585 1283 1725 1342 xlx,
1752 1285 1815 1329 16
1842 1297 1915 1342 sq.
1957 1284 2102 1330 1840.
2142 1281 2206 1343 ¹l4
2230 1284 2367 1329 Thlr.

360 1354 434 1401 De
456 1351 822 1400 Israelitarum
843 1364 936 1411 per
957 1363 1099 1399 mare
1121 1351 1335 1399 rubrum
1355 1350 1605 1398 transitu.
1644 1351 1769 1398 Cum
1794 1352 1986 1398 tabula.
2027 1353 2172 1398 1847.
2210 1352 2239 1397 8
2265 1353 2389 1411 Ngr.

361 1420 516 1468 Beise
539 1421 600 1468 in
623 1419 726 1467 den
748 1419 944 1467 Orient.
981 1421 1009 1466 2
1026 1420 1219 1467 Bande.
1246 1421 1395 1478 1845,
1417 1421 1566 1465 1846.
1601 1416 1699 1479 3¹l2
1725 1419 1866 1465 Thlr.
1903 1419 2189 1479 (Travels
2214 1420 2276 1466 in
2303 1419 2408 1466 the
2432 1419 2599 1466 East.

428 1488 885 1614 ’ξὲἶιέεἰεέῐεέἷέϊοω
910 1488 994 1534 the
1022 1488 1242 1536 German
1265 1488 1336 1548 by
1360 1488 1442 1535 W.
1468 1489 1528 1534 Ε.
1556 1487 1832 1536 Shuckard.
1886 1487 2123 1546 London‚
2148 1487 2411 1547 Longman
2436 1487 2477 1532 δι,
2510 1487 2601 1533 Co.

363 1695 572 1756 Codex
606 1695 952 1771 Ephraomi
987 1694 1134 1770 Syri
1163 1696 1514 1774 rescriptue
1550 1701 1669 1757 sive
1693 1702 2045 1772 Fragmenta
2076 1702 2373 1772 utriusque
2403 1700 2603 1756 Testa·

429 1769 606 1824 menti
640 1786 670 1823 e
706 1769 906 1823 codice
933 1768 1156 1824 Graeco
1182 1770 1494 1826 Parisiensi
1527 1770 1899 1826 celeberrimo
1929 1769 2112 1841 quinti
2137 1775 2200 1822 ut
2221 1771 2449 1824 videtur
2471 1775 2607 1838 post

433 1836 724 1891 Christum
751 1838 985 1892 saeculi.
1035 1838 1200 1892 Eruit
1225 1846 1397 1909 atque
1424 1839 1608 1893 edidit
1634 1837 1694 1893 C.
1717 1837 2120 1892 Tischendorf.
2180 1838 2213 1890 2
2236 1836 2393 1892 tomi.
2452 1836 2603 1902 1843,

431 1905 583 1959 1845.
629 1906 694 1959 27
722 1904 881 1958 Thlr.
943 1905 1312 1976 (Fragmenta
1335 1906 1484 1961 Novi
1510 1906 1869 1961 Testamenti
1905 1906 2053 1960 1843.
2114 1905 2181 1958 18
2214 1905 2373 1960 Thlr.
2426 1906 2603 1976 Frag-

431 1979 627 2028 menta
649 1973 876 2028 Veteris
905 1973 1262 2028 Testamenti
1289 1975 1437 2031 1845.
1473 1975 1506 2028 9
1533 1973 1717 2039 Thlr.)

362 2052 775 2114 Monumenta
799 2069 983 2112 sacra
1005 2053 1257 2115 inedita
1291 2060 1408 2113 sive
1432 2058 1565 2113 Reli
1608 2060 1739 2114 uiae
1777 2058 2207 2130 antiquissimae
2240 2063 2429 2112 textus
2454 2057 2603 2112 Novi

438 2126 790 2189 Testamenti
807 2125 1018 2180 Graeci
1034 2144 1102 2180 ex
1125 2145 1330 2182 novem
1355 2127 1487 2197 plus
1512 2126 1589 2180 mi
1615 2127 1667 2182 le
1694 2145 1968 2182 annorum
1996 2125 2290 2181 codicibus
2310 2143 2413 2195 per
2425 2127 2603 2180 Euro-

438 2211 568 2264 pam
597 2195 883 2264 dispersiS.
929 2195 1094 2248 Eruit
1117 2200 1291 2268 atque
1317 2196 1502 2250 edidit
1527 2193 1589 2251 C.
1619 2194 2025 2251 Tischendorf.
2065 2195 2213 2248 1846.
2252 2194 2317 2247 18
2343 2194 2501 2249 Thlr.

373 2272 582 2333 Codex
603 2272 1389 2351 Fridorieo-Augustanus
1421 2279 1542 2336 sive
1565 2281 1916 2350 Fragmenta
1939 2280 2164 2335 Veteris
2190 2279 2549 2334 Testamenti
2573 2296 2604 2333 e

437 2348 634 2402 codice
661 2347 887 2402 Graeco
915 2348 1164 2402 omnium
1191 2350 1288 2419 qui
1312 2350 1372 2402 in
1393 2349 1629 2418 Europa
1653 2355 1959 2419 supersunt
1983 2349 2156 2403 facile
2188 2348 2606 2418 antiquissimo.

431 2415 501 2469 In
530 2416 748 2471 oriente
785 2416 1026 2484 detexit,
1066 2416 1123 2470 in
1199 2417 1402 2471 atriam
1436 2418 1654 2487 attulit,
1696 2419 1771 2471 ad
1805 2418 2036 2472 modum
2072 2417 2291 2471 codicis
2328 2416 2510 2471 edidit
2545 2414 2606 2469 C.

435 2483 842 2538 Tischendorf.
880 2484 1029 2540 1846.
1063 2485 1132 2538 32
1212 2485 1315 2539 hlr.

366 2563 792 2651 Evangelium
808 2563 1177 2651 Palatinum
1193 2563 1509 2627 ineditum
1523 2571 1643 2627 sive
1656 2569 1785 2625 Reli
1828 2571 1956 2627 uiae
1966 2575 2159 2651 textus
2180 2568 2607 2651 evangeliorum

432 2638 625 2693 Lat1n1
663 2645 798 2692 ante
821 2638 1236 2709 H1er0nymum
1269 2643 1419 2695 versi
1455 2656 1524 2694 ex
1559 2641 1761 2696 codice
1844 2642 2057 2695 alatmo
2094 2655 2382 2707 purpureo
2417 2643 2606 2710 quarti

434 2708 522 2761 vel
591 2705 736 2760 uinti
761 2715 894 2776 post
920 2706 1207 2762 Christum
1231 2709 1462 2764 saeculi.
1506 2709 1675 2764 Nunc
1697 2709 1941 2779 primum
1970 2707 2117 2761 eruit
2140 2712 2313 2777 atque
2339 2706 2521 2762 edidit
2546 2704 2607 2759 C.

437 2775 572 2828 Tisc
619 2774 843 2831 endorf.
881 2776 1029 2831 1847.
1067 2777 1132 2830 18
1157 2776 1317 2831 Thlr.

366 2853 577 2915 Codex
618 2853 981 2916 Amiatinus
1010 2861 1128 2917 sive
1153 2860 1296 2916 Nov,
1323 2859 1480 2916 Test.
1499 2860 1712 2915 Latine
1745 2860 2055 2933 interprete
2080 2858 2450 2929 Hieronymo,
2520 2858 2607 2911 Ex

433 2929 808 2983 celeberrimo
835 2930 1035 2984 codice
1047 2929 1338 2984 Amiatino
1366 2928 1618 2983 omnium
1646 2936 1703 2982 et
1727 2929 1847 2982 anti
1890 2927 2126 2981 nissimo
2155 2932 2211 2981 et
2272 2928 2605 2980 raestantis-

437 2997 580 3050 simo
609 3013 760 3049 nunc
784 2998 1027 3065 primum
1053 2998 1236 3052 edidit
1261 2996 1323 3052 O.
1344 2996 1749 3051 Tischendorf.
1799 2946 1947 3051 1880.
1994 2996 2045 3060 (6
2072 2994 2232 3050 Thlr.
2300 2995 2495 3049 Editio
2520 3011 2604 3049 re-

436 3064 619 3133 petita
645 3064 792 3118 1854.
828 3064 864 3117 4
889 3065 1047 3120 Thlr.

370 3140 585 3202 Codex
609 3140 1127 3206 Claromontanus
1163 3150 1283 3205 sive
1310 3150 1613 3220 Epistulae
1637 3149 1804 3203 Pauli
1838 3165 2034 3203 omnes
2061 3147 2281 3203 Graece
2318 3154 2377 3203 et
2398 3148 2607 3202 Latine

441 3232 510 3270 ex
547 3214 748 3270 codice
779 3216 1091 3272 Parisiensi
1128 3217 1497 3272 celeberrimo
1535 3217 1763 3271 nomine
1801 3215 2230 3271 Claromontani
2272 3217 2607 3288 plerumque

441 3283 610 3338 dicto.
646 3284 813 3339 Nunc
836 3287 1077 3357 primum
1102 3286 1284 3340 edidit
1311 3284 1373 3341 C.
1401 3284 1808 3340 Tischendorf.
1846 3286 1995 3342 1852.
2031 3286 2100 3339 24
2124 3284 2283 3341 Thlr.

365 3362 779 3425 Monumenta
815 3381 1000 3425 saera
1033 3364 1303 3428 inedita.
1361 3372 1528 3427 Nova
1564 3369 1862 3426 collectio.
1921 3370 2052 3427 Vol.
2085 3372 2142 3424 I:
2186 3371 2609 3439 Fragmenta

439 3453 552 3491 sac
566 3454 641 3491 ra
663 3438 879 3507 palim
892 3458 967 3509 ps
982 3456 1011 3493 e
1025 3445 1085 3493 st
1099 3457 1134 3493 a
1168 3441 1288 3495 sive
1307 3440 1657 3512 Fragmenta
1682 3456 1810 3493 cum
1835 3439 1983 3494 Novi
2006 3444 2127 3493 tum
2152 3439 2379 3494 Veteris
2406 3438 2607 3490 Testa-

436 3506 612 3559 menti
639 3522 708 3560 ex
733 3506 985 3577 quinque
1006 3509 1174 3563 codd.
1189 3508 1427 3563 Graecis
1442 3508 1831 3579 palimpsestis
1852 3508 2264 3578 antiquissimis
2286 3506 2609 3575 nuperrime

439 3572 498 3625 in
523 3572 743 3628 oriente
768 3576 1024 3643 repertis,
1072 3576 1293 3631 Addita
1319 3582 1452 3630 sunt
1473 3576 1801 3647 fragmenta
1819 3575 2178 3630 Psalmorum
2201 3590 2531 3644 papyracea
2554 3582 2613 3627 et

439 3640 764 3711 fragmenta
789 3644 1357 3723 eva-ngelistariorum
1383 3646 1783 3715 palimpsesta,
1817 3643 1954 3697 item
1980 3642 2363 3713 fragmentum
2391 3641 2608 3696 codicis

438 3707 920 3832 fgggAtllgulsffipi.
981 3711 1149 3766 Nunc
1189 3713 1430 3782 primum
1473 3712 1625 3765 eruit
1664 3716 1839 3781 atque
1882 3711 2064 3765 edidit
2108 3708 2169 3763 C.
2205 3709 2609 3765 Tischendorf.

368 3853 615 3915 Novum
639 3857 1111 3920 Testamentum
1135 3858 1395 3919 Graece.
1468 3865 1563 3918 Ad
1587 3864 1855 3935 antiquos
1880 3869 2058 3919 testes
2082 3863 2397 3929 recensuit,
2436 3880 2609 3932 appa-

437 3936 625 3983 ratum
653 3930 909 3985 criticum
937 3932 1128 3986 multis
1149 3934 1333 3987 modis
1354 3940 1585 3987 auctum
1606 3939 1663 3987 et
1678 3938 1994 3987 correctum
2014 3949 2086 4001 ap
2133 3934 2300 4000 osuit,
2330 3948 2608 3985 commen·

437 3998 713 4053 tationem
739 4000 1094 4070 isagogicam
1121 4002 1416 4071 praemisit
1443 4000 1504 4055 C.
1532 4001 1935 4055 Tischendorf.
1970 4002 2077 4054 Ed.
2155 4000 2263 4069 ips.
2290 4001 2609 4053 secunda.

436 4067 539 4134 22s3
566 4066 727 4122 Thlr.
764 4068 1031 4138 Lipsiae,
1057 4070 1124 4121 A.
1151 4069 1390 4123 Winter.
1429 4069 1579 4124 1849.
1618 4069 1741 4134 (Ed.
1767 4068 1924 4139 Lips.
1950 4068 2169 4138 prima
2195 4067 2361 4132 1841.)

369 4144 620 4205 Novum
638 4147 1111 4210 Testamentum
1129 4148 1370 4208 Graece
1392 4153 1459 4210 et
1473 4149 1723 4210 Latine.
1760 4154 1829 4206 In
1854 4152 2104 4223 antiquis
2129 4153 2372 4207 testibus
2396 4157 2611 4208 textum

438 4220 716 4274 versionis
741 4223 1011 4302 vulgatae
1026 4222 1264 4276 Latinae
1288 4222 1587 4292 indagavit
1610 4222 2003 4291 lectionesque
2028 4222 2314 4275 variantes
2338 4220 2613 4291 Stephani

440 4292 497 4341 et
532 4286 897 4345 Griesbachii
940 4290 1186 4354 notavit,
1228 4290 1350 4345 viro
1388 4309 1430 4343 s.
1465 4310 1516 4344 v.
1552 4290 1733 4361 Jager
1775 4291 1832 4343 in
1876 4289 2180 4344 consilium
2218 4288 2505 4355 adhibito,
2552 4289 2611 4344 C.

440 4354 846 4411 Tischendorf.
882 4358 1334 4429 Archiepiscopo
1360 4358 1673 4413 Parisiensi
1703 4359 1967 4412 dicatum.
2005 4357 2261 4426 Parisiis,
2289 4358 2438 4412 1842.
2466 4357 2613 4412 1849.

440 4424 506 4476 12
531 4423 666 4480 fres,
701 4426 894 4481 Idem
922 4428 1044 4483 sine
1071 4426 1336 4482 versione
1360 4427 1585 4482 Latina.
1619 4427 1721 4497 3¹l2
1744 4427 1876 4479 free.
