3072 5200
1312 454 1390 543 19

222 726 418 784 natos
449 718 774 783 adstitisse
807 718 977 782 cruci
1007 719 1107 782 vel
1138 722 1311 783 certe
1343 718 1708 783 interfuisse
1749 721 2086 802 supplicio,
2130 743 2255 789 non
2298 728 2470 792 refu-

224 857 481 935 gientes
524 873 561 917 a
598 853 692 919 rei
722 853 1091 934 ignominia,
1123 853 1268 917 inde
1299 854 1556 935 inquam
1585 853 1768 918 facile
1799 858 2185 923 concluseris
2215 879 2331 926 nec
2362 863 2471 928 de-

224 991 432 1055 fuisse
478 990 585 1069 qui
632 990 1051 1070 lacrymantes
1098 988 1161 1051 in
1205 989 1436 1067 iudicio
1483 989 1810 1068 adessent,
1854 993 2232 1072 praesertim
2282 1014 2474 1077 quum

226 1146 362 1191 non
400 1130 530 1189 tam
568 1125 633 1187 in
671 1123 812 1205 ipso
857 1124 1180 1205 praetorio
1213 1141 1400 1204 quam
1432 1128 1612 1187 extra
1639 1127 2032 1206 praetorium
2060 1127 2303 1193 Pilatus
2335 1149 2475 1195 cum

228 1260 718 1325 accusatoribusv
762 1259 1110 1322 collocutus
1156 1258 1467 1323 videatur.
1546 1258 1813 1324 Omnino
1860 1263 2216 1342 quaeritur,
2260 1267 2478 1347 populi

230 1396 491 1460 turbam
523 1413 711 1475 quam
742 1412 883 1458 cum
914 1393 1389 1458 accusatoribus
1422 1413 1634 1458 coram
1657 1395 1861 1459 Pilato
1895 1395 2173 1463 adfuisse
2206 1409 2477 1480 evange-

232 1532 426 1595 listae
456 1530 743 1608 tradunt,
785 1528 1035 1610 qualem
1066 1529 1448 1608 cogitemus,
1490 1548 1615 1610 quo
1648 1530 1884 1610 animo,
1924 1550 2047 1611 quo
2078 1538 2481 1614 praesentem

238 1665 526 1731 consilio.
597 1664 734 1728 Hac
764 1663 828 1728 in
857 1683 928 1728 re
960 1656 1086 1727 non
1116 1664 1496 1744 negligenda
1524 1670 1675 1728 sunt
1701 1665 1902 1730 Marci
1934 1666 2154 1730 verba:
2200 1669 2303 1729 καὶ
2333 1671 2482 1730 ἀνα-

240 1801 355 1884 βὰς
388 1799 785 1882 (ἀναβοήσας)
818 1803 849 1862 ὁ
881 1799 1056 1886 ὄχλος
1085 1789 1312 1885 ἤρξατο
1347 1795 1643 1861 αἰτεῖσθαι
1673 1797 1874 1875 καθὼς
1904 1786 2000 1863 ἀεὶ
2031 1803 2216 1864 ἐποίει
2256 1805 2479 1883 αὐτοῖς.

238 1937 516 2001 Videtur
554 1935 718 2000 enim
755 1934 946 1999 turba
981 1933 1201 2017 populi
1239 1953 1365 1999 non
1409 1938 1542 1998 tam
1572 1935 1821 2029 venisse
1853 1940 1925 1999 ut
1953 1937 2032 2000 ad
2064 1937 2483 2001 condemnan—

242 2072 400 2136 dum
419 2072 630 2135 Iesum
661 2071 786 2133 vim
819 2074 1148 2134 exerceret
1177 2087 1374 2149 suam,
1405 2088 1594 2150 quam
1625 2070 1761 2134 eius
1793 2071 2012 2134 tuendi
2042 2068 2485 2136 conservandi-

242 2198 376 2287 ⁴que
403 2225 645 2271 caussa.
694 2203 878 2280 Quod
898 2204 952 2267 si
974 2204 1066 2267 ita
1087 2223 1212 2268 non
1235 2203 1479 2283 fuisset,
1513 2223 1637 2285 quo
1662 2205 1918 2269 tandem
1940 2204 2078 2270 iure
2106 2206 2347 2271 Pilatus
2371 2227 2485 2289 po-

244 2342 403 2423 pulo
437 2341 759 2422 optionem
791 2340 1075 2404 dedisset
1105 2340 1379 2421 eligendi
1411 2344 1521 2404 aut
1551 2341 1699 2404 Iesu
1730 2344 1841 2404 aut
1868 2340 2201 2404 Barabba‘?
2229 2341 2488 2408 Fecisse

244 2476 372 2540 hoc
403 2476 676 2539 Pilatum
707 2493 783 2539 ea
811 2481 1021 2540 mente
1053 2481 1124 2540 ut
1152 2476 1367 2539 Iesum
1398 2480 1714 2554 servaret,
1762 2475 2019 2538 dubium
2057 2493 2183 2539 non
2215 2481 2331 2539 est.
2405 2477 2492 2540 At

248 2611 408 2692 quid
438 2611 695 2676 tandem
726 2612 863 2693 spei
891 2611 1125 2675 habere
1149 2614 1431 2692 poterat,
1462 2610 1600 2676 fore
1632 2615 1703 2675 ut
1732 2609 1944 2675 Iesum
1983 2611 2063 2680 ad
2097 2610 2494 2675 liberandum

198 2829 203 2838 ἒ
250 2746 597 2827 eligerent,
643 2745 697 2810 si
728 2764 854 2810 non
883 2745 1149 2809 aderant
1176 2746 1298 2809 nisi
1329 2746 1777 2811 accusatores?
1833 2745 2100 2810 Omnino
2132 2745 2361 2811 fuisset
2388 2747 2494 2810 Pi-

246 2882 367 2945 lati
400 2880 690 2961 quaestio
720 2880 1133 2963 ineptissima.
1211 2880 1395 2957 Quod
1424 2899 1503 2945 ne
1533 2885 1857 2962 putemus,
1905 2880 2028 2962 ipsi
2058 2885 2275 2945 vetant
2306 2899 2495 2945 evan-

253 3017 526 3098 gelistae
557 3015 919 3080 Matthaeus
953 3018 1018 3079 et
1044 3016 1322 3095 Marcus,
1354 3021 1716 3081 asserentes
1746 3016 2067 3098 principes
2099 3017 2499 3080 sacerdotum

253 3157 327 3217 et
371 3152 659 3216 seniores
698 3149 1096 3232 persuasisse
1134 3150 1371 3231 populo
1412 3150 1680 3231 (ἔπεισαν
1719 3150 1860 3223 τοὺς
1900 3150 2138 3238 ὄχλους,
2184 3145 2497 3214 ἀνέσεισαν

251 3287 367 3351 τὸν
417 3285 624 3375 ὄχλον)
669 3290 742 3350 ut
783 3288 1081 3368 peterent
1117 3285 1471 3349 Barabban.
1548 3285 1730 3363 Quod
1770 3291 1982 3351 autem
2029 3287 2183 3353 satis
2231 3286 2498 3352 obscure

255 3420 702 3504 significarunt
730 3420 848 3501 illi,
891 3421 957 3484 id
989 3439 1067 3484 ex
1095 3420 1273 3485 Actis
1303 3420 1493 3484 Pilati
1521 3421 1959 3503 planissimum
1988 3419 2078 3486 fit.
2151 3421 2285 3486 Nec
2317 3422 2501 3498 enim,

254 3575 407 3621 mea
451 3557 705 3637 quidem
753 3556 1099 3636 sententia,
1143 3557 1330 3622 modo
1372 3556 1436 3619 id
1474 3555 1666 3620 fidem
1702 3554 1897 3620 habet
1935 3556 2105 3636 quod
2144 3554 2502 3635 praesidem

260 3694 618 3757 intuentem
649 3693 1134 3757 circumstantes
1164 3691 1434 3772 populos
1468 3688 1990 3753 animadvertisse
2020 3686 2252 3754 multos
2290 3687 2503 3771 perhi-

259 3828 422 3892 bent
463 3828 787 3909 plorantes
838 3831 1305 3908 proptereaque
1360 3825 1775 3889 exclamasse:
1831 3821 1933 3886 Οὐ
1983 3832 2103 3886 πᾶν
2155 3824 2229 3887 τὸ
2278 3820 2506 3897 πλῆθος

265 3962 557 4046 βούλεται
604 3960 790 4023 αὐτὸν
838 3957 1190 4041 ἀποθανεῖν,
1240 3961 1598 4026 senioribus
1662 3965 1882 4025 contra
1931 3960 2324 4025 dicentibus:
2388 3956 2507 4020 Διά

263 4107 457 4161 τοῦτο
498 4095 770 4183 ἤλθαμεν
810 4097 972 4158 ἅπαν
1002 4094 1078 4158 τὸ
1107 4093 1334 4168 πλῆθος
1363 4097 1463 4157 ἵνα
1493 4092 1800 4178 ἀποθάνῃζ
1848 4114 2070 4159 verum
2101 4096 2290 4160 etiam
2321 4094 2509 4175 quod,

266 4238 346 4296 ut
374 4233 476 4297 lex
505 4231 625 4297 fori
656 4231 923 4298 Romani
952 4228 1200 4294 ferebat
1237 4235 1302 4294 et
1331 4230 1713 4294 Iudaeorum
1755 4231 2174 4311 consuetudO,
2219 4229 2511 4310 prodisse

268 4368 535 4432 tradunt
564 4368 672 4449 qui
701 4369 1065 4447 laudarent,
1115 4366 1222 4447 qui
1264 4364 1682 4431 defenderent
1721 4386 1900 4431 reum
1939 4366 2203 4442 factum,
2250 4362 2330 4426 ad
2368 4364 2511 4426 illu-

2044 4480 2108 4520 «μ
