<?xml version="1.0" encoding="UTF-8"?>
<!DOCTYPE html PUBLIC "-//W3C//DTD XHTML 1.0 Transitional//EN"
    "http://www.w3.org/TR/xhtml1/DTD/xhtml1-transitional.dtd">
<html xmlns="http://www.w3.org/1999/xhtml" xml:lang="en" lang="en">
 <head>
  <title>
</title>
<meta http-equiv="Content-Type" content="text/html;charset=utf-8" />
  <meta name='ocr-system' content='tesseract 3.04.00' />
  <meta name='ocr-capabilities' content='ocr_page ocr_carea ocr_par ocr_line ocrx_word'/>
</head>
<body>
  <div class='ocr_page' id='page_1' title='image "./pilaticircachri00tiscgoog_0015.png"; bbox 0 0 3072 5200; ppageno 0'>
   <div class='ocr_carea' id='block_1_1' title="bbox 1388 459 1428 523">
    <p class='ocr_par' dir='ltr' id='par_1_1' title="bbox 1388 459 1428 523">
     <span class='ocr_line' id='line_1_1' title="bbox 1388 459 1428 523; baseline 0 0"><span class='ocrx_word' id='word_1_1' title='bbox 1388 459 1428 523; x_wconf 85' lang='lat'>9</span> 
     </span>
    </p>
   </div>
   <div class='ocr_carea' id='block_1_2' title="bbox 1217 557 1611 564">
    <p class='ocr_par' dir='ltr' id='par_1_2' title="bbox 1217 557 1611 564">
     <span class='ocr_line' id='line_1_2' title="bbox 1217 557 1611 564; baseline 0 4636"><span class='ocrx_word' id='word_1_2' title='bbox 1217 557 1611 564; x_wconf 95' lang='lat' dir='ltr'> </span> 
     </span>
    </p>
   </div>
   <div class='ocr_carea' id='block_1_3' title="bbox 281 694 2527 1721">
    <p class='ocr_par' dir='ltr' id='par_1_3' title="bbox 281 694 2527 1721">
     <span class='ocr_line' id='line_1_3' title="bbox 281 694 2525 777; baseline 0 -20"><span class='ocrx_word' id='word_1_3' title='bbox 281 694 558 759; x_wconf 86' lang='lat' dir='ltr'>animum</span> <span class='ocrx_word' id='word_1_4' title='bbox 617 696 830 777; x_wconf 84' lang='lat' dir='ltr'>magni</span> <span class='ocrx_word' id='word_1_5' title='bbox 889 695 1122 761; x_wconf 90' lang='lat' dir='ltr'>faciens</span> <span class='ocrx_word' id='word_1_6' title='bbox 1183 696 1582 776; x_wconf 88' lang='lat' dir='ltr'>Iudaeosque</span> <span class='ocrx_word' id='word_1_7' title='bbox 1663 695 2118 760; x_wconf 83' lang='lat' dir='ltr'>calumniantes</span> <span class='ocrx_word' id='word_1_8' title='bbox 2176 713 2317 758; x_wconf 91' lang='lat' dir='ltr'>cum</span> <span class='ocrx_word' id='word_1_9' title='bbox 2377 712 2525 758; x_wconf 90' lang='lat' dir='ltr'>con-</span> 
     </span>
     <span class='ocr_line' id='line_1_4' title="bbox 281 829 2523 912; baseline -0.001 -19"><span class='ocrx_word' id='word_1_10' title='bbox 281 834 528 912; x_wconf 89' lang='lat' dir='ltr'>temptu</span> <span class='ocrx_word' id='word_1_11' title='bbox 580 831 876 911; x_wconf 87' lang='lat' dir='ltr'>eludens,</span> <span class='ocrx_word' id='word_1_12' title='bbox 924 833 1092 895; x_wconf 91' lang='lat' dir='ltr'>omni</span> <span class='ocrx_word' id='word_1_13' title='bbox 1146 832 1355 896; x_wconf 88' lang='lat' dir='ltr'>studio</span> <span class='ocrx_word' id='word_1_14' title='bbox 1406 831 1482 895; x_wconf 91' lang='lat' dir='ltr'>ab</span> <span class='ocrx_word' id='word_1_15' title='bbox 1539 832 1775 895; x_wconf 87' lang='lat' dir='ltr'>iniusta</span> <span class='ocrx_word' id='word_1_16' title='bbox 1828 830 2064 910; x_wconf 82' lang='lat' dir='ltr'><strong>refugit</strong></span> <span class='ocrx_word' id='word_1_17' title='bbox 2103 829 2523 893; x_wconf 82' lang='lat' dir='ltr'>damnatione.</span> 
     </span>
     <span class='ocr_line' id='line_1_5' title="bbox 283 963 2526 1048; baseline -0.001 -18"><span class='ocrx_word' id='word_1_18' title='bbox 283 965 623 1030; x_wconf 78' lang='lat' dir='ltr'>Crescente</span> <span class='ocrx_word' id='word_1_19' title='bbox 657 986 807 1031; x_wconf 91' lang='lat' dir='ltr'>vero</span> <span class='ocrx_word' id='word_1_20' title='bbox 839 966 1220 1031; x_wconf 89' lang='lat' dir='ltr'>Iudaeorum</span> <span class='ocrx_word' id='word_1_21' title='bbox 1251 968 1518 1048; x_wconf 78' lang='lat' dir='ltr'>impetU,</span> <span class='ocrx_word' id='word_1_22' title='bbox 1562 966 1669 1030; x_wconf 91' lang='lat' dir='ltr'>ubi</span> <span class='ocrx_word' id='word_1_23' title='bbox 1699 966 2010 1030; x_wconf 86' lang='lat' dir='ltr'>intellexit</span> <span class='ocrx_word' id='word_1_24' title='bbox 2042 969 2277 1045; x_wconf 89' lang='lat' dir='ltr'>quanto</span> <span class='ocrx_word' id='word_1_25' title='bbox 2311 963 2526 1028; x_wconf 91' lang='lat' dir='ltr'>furore</span> 
     </span>
     <span class='ocr_line' id='line_1_6' title="bbox 282 1100 2525 1182; baseline -0.001 -18"><span class='ocrx_word' id='word_1_26' title='bbox 282 1119 407 1164; x_wconf 92' lang='lat' dir='ltr'>non</span> <span class='ocrx_word' id='word_1_27' title='bbox 465 1101 767 1165; x_wconf 89' lang='lat' dir='ltr'>iudicium</span> <span class='ocrx_word' id='word_1_28' title='bbox 820 1102 936 1166; x_wconf 91' lang='lat' dir='ltr'>sed</span> <span class='ocrx_word' id='word_1_29' title='bbox 994 1103 1457 1166; x_wconf 84' lang='lat' dir='ltr'>damnationem</span> <span class='ocrx_word' id='word_1_30' title='bbox 1514 1102 1917 1182; x_wconf 85' lang='lat' dir='ltr'>adpeterent,</span> <span class='ocrx_word' id='word_1_31' title='bbox 1990 1118 2268 1180; x_wconf 83' lang='lat' dir='ltr'>suaeque</span> <span class='ocrx_word' id='word_1_32' title='bbox 2323 1100 2525 1181; x_wconf 87' lang='lat' dir='ltr'>ipsius</span> 
     </span>
     <span class='ocr_line' id='line_1_7' title="bbox 281 1235 2525 1314; baseline 0 -15"><span class='ocrx_word' id='word_1_33' title='bbox 281 1235 485 1301; x_wconf 88' lang='lat' dir='ltr'>famae</span> <span class='ocrx_word' id='word_1_34' title='bbox 533 1237 610 1300; x_wconf 88' lang='lat' dir='ltr'>ab</span> <span class='ocrx_word' id='word_1_35' title='bbox 654 1256 874 1301; x_wconf 91' lang='lat' dir='ltr'>eorum</span> <span class='ocrx_word' id='word_1_36' title='bbox 918 1237 1015 1300; x_wconf 91' lang='lat' dir='ltr'>ira</span> <span class='ocrx_word' id='word_1_37' title='bbox 1055 1238 1460 1302; x_wconf 90' lang='lat' dir='ltr'>metuendum</span> <span class='ocrx_word' id='word_1_38' title='bbox 1502 1255 1645 1300; x_wconf 87' lang='lat' dir='ltr'>esse</span> <span class='ocrx_word' id='word_1_39' title='bbox 1693 1237 1921 1314; x_wconf 88' lang='lat' dir='ltr'>sensit,</span> <span class='ocrx_word' id='word_1_40' title='bbox 1968 1235 2046 1299; x_wconf 90' lang='lat' dir='ltr'>de</span> <span class='ocrx_word' id='word_1_41' title='bbox 2093 1235 2231 1299; x_wconf 91' lang='lat' dir='ltr'>iure</span> <span class='ocrx_word' id='word_1_42' title='bbox 2277 1235 2354 1299; x_wconf 92' lang='lat' dir='ltr'>de</span> <span class='ocrx_word' id='word_1_43' title='bbox 2402 1253 2525 1314; x_wconf 92' lang='lat' dir='ltr'>quo</span> 
     </span>
     <span class='ocr_line' id='line_1_8' title="bbox 283 1367 2526 1453; baseline 0 -20"><span class='ocrx_word' id='word_1_44' title='bbox 283 1372 491 1436; x_wconf 87' lang='lat' dir='ltr'>nullus</span> <span class='ocrx_word' id='word_1_45' title='bbox 525 1371 856 1436; x_wconf 90' lang='lat' dir='ltr'>dubitabat</span> <span class='ocrx_word' id='word_1_46' title='bbox 884 1374 1110 1437; x_wconf 85' lang='lat' dir='ltr'>cedere</span> <span class='ocrx_word' id='word_1_47' title='bbox 1140 1367 1417 1438; x_wconf 86' lang='lat' dir='ltr'>malebat</span> <span class='ocrx_word' id='word_1_48' title='bbox 1448 1391 1637 1453; x_wconf 89' lang='lat' dir='ltr'>quam</span> <span class='ocrx_word' id='word_1_49' title='bbox 1669 1372 2081 1452; x_wconf 85' lang='lat' dir='ltr'>&#39;semetipsum</span> <span class='ocrx_word' id='word_1_50' title='bbox 2110 1371 2175 1433; x_wconf 92' lang='lat' dir='ltr'>in</span> <span class='ocrx_word' id='word_1_51' title='bbox 2206 1371 2526 1451; x_wconf 87' lang='lat' dir='ltr'>vitupera-</span> 
     </span>
     <span class='ocr_line' id='line_1_9' title="bbox 282 1504 2527 1590; baseline -0.001 -21"><span class='ocrx_word' id='word_1_52' title='bbox 282 1507 521 1571; x_wconf 86' lang='lat' dir='ltr'>tionem</span> <span class='ocrx_word' id='word_1_53' title='bbox 565 1508 902 1588; x_wconf 91' lang='lat' dir='ltr'>odiumque</span> <span class='ocrx_word' id='word_1_54' title='bbox 944 1509 1259 1574; x_wconf 87' lang='lat' dir='ltr'>adducere</span> <span class='ocrx_word' id='word_1_55' title='bbox 1299 1509 1506 1590; x_wconf 84' lang='lat' dir='ltr'>gentis</span> <span class='ocrx_word' id='word_1_56' title='bbox 1558 1508 1900 1572; x_wconf 86' lang='lat' dir='ltr'>seditiosae</span> <span class='ocrx_word' id='word_1_57' title='bbox 1949 1519 2022 1571; x_wconf 87' lang='lat' dir='ltr'>ac</span> <span class='ocrx_word' id='word_1_58' title='bbox 2060 1510 2384 1571; x_wconf 88' lang='lat' dir='ltr'>versutae:</span> <span class='ocrx_word' id='word_1_59' title='bbox 2433 1504 2527 1567; x_wconf 91' lang='lat' dir='ltr'>ni-</span> 
     </span>
     <span class='ocr_line' id='line_1_10' title="bbox 284 1639 2526 1721; baseline -0.001 -16"><span class='ocrx_word' id='word_1_60' title='bbox 284 1642 513 1706; x_wconf 91' lang='lat' dir='ltr'>mirum</span> <span class='ocrx_word' id='word_1_61' title='bbox 560 1644 721 1706; x_wconf 90' lang='lat' dir='ltr'>tanti</span> <span class='ocrx_word' id='word_1_62' title='bbox 762 1663 887 1707; x_wconf 92' lang='lat' dir='ltr'>non</span> <span class='ocrx_word' id='word_1_63' title='bbox 918 1643 1069 1708; x_wconf 90' lang='lat' dir='ltr'>fecit</span> <span class='ocrx_word' id='word_1_64' title='bbox 1116 1645 1385 1708; x_wconf 91' lang='lat' dir='ltr'>hominis</span> <span class='ocrx_word' id='word_1_65' title='bbox 1428 1644 1578 1708; x_wconf 81' lang='lat' dir='ltr'>boni</span> <span class='ocrx_word' id='word_1_66' title='bbox 1620 1662 1691 1706; x_wconf 91' lang='lat' dir='ltr'>ac</span> <span class='ocrx_word' id='word_1_67' title='bbox 1731 1642 1885 1706; x_wconf 89' lang='lat' dir='ltr'>iusti</span> <span class='ocrx_word' id='word_1_68' title='bbox 1924 1639 2297 1721; x_wconf 89' lang='lat' dir='ltr'>mirificique</span> <span class='ocrx_word' id='word_1_69' title='bbox 2335 1640 2526 1703; x_wconf 90' lang='lat' dir='ltr'>vitam</span> 
     </span>
    </p>
   </div>
   <div class='ocr_carea' id='block_1_4' title="bbox 282 1777 2282 1861">
    <p class='ocr_par' dir='ltr' id='par_1_4' title="bbox 282 1777 2282 1861">
     <span class='ocr_line' id='line_1_11' title="bbox 282 1777 2282 1861; baseline -0.002 -20"><span class='ocrx_word' id='word_1_70' title='bbox 282 1783 355 1841; x_wconf 89' lang='lat' dir='ltr'>ut</span> <span class='ocrx_word' id='word_1_71' title='bbox 384 1778 520 1842; x_wconf 86' lang='lat' dir='ltr'>eius</span> <span class='ocrx_word' id='word_1_72' title='bbox 552 1779 901 1843; x_wconf 89' lang='lat' dir='ltr'>servandae</span> <span class='ocrx_word' id='word_1_73' title='bbox 933 1798 1161 1845; x_wconf 86' lang='lat' dir='ltr'>caussa</span> <span class='ocrx_word' id='word_1_74' title='bbox 1189 1781 1328 1861; x_wconf 90' lang='lat' dir='ltr'>ipse</span> <span class='ocrx_word' id='word_1_75' title='bbox 1360 1780 1807 1860; x_wconf 85' lang='lat' dir='ltr'>ingrederetur</span> <span class='ocrx_word' id='word_1_76' title='bbox 1839 1777 2193 1858; x_wconf 89' lang='lat' dir='ltr'>periculum</span> <span class='ocrx_word' id='word_1_77' title='bbox 2216 1777 2282 1855; x_wconf 87' lang='lat'>¹).</span> 
     </span>
    </p>
   </div>
   <div class='ocr_carea' id='block_1_5' title="bbox 452 1911 2618 1996">
    <p class='ocr_par' dir='ltr' id='par_1_5' title="bbox 452 1911 2618 1996">
     <span class='ocr_line' id='line_1_12' title="bbox 452 1911 2618 1996; baseline -0 -20"><span class='ocrx_word' id='word_1_78' title='bbox 452 1913 639 1977; x_wconf 93' lang='lat' dir='ltr'>Hunc</span> <span class='ocrx_word' id='word_1_79' title='bbox 677 1914 874 1994; x_wconf 87' lang='lat' dir='ltr'>igitur</span> <span class='ocrx_word' id='word_1_80' title='bbox 916 1915 982 1977; x_wconf 94' lang='lat' dir='ltr'>in</span> <span class='ocrx_word' id='word_1_81' title='bbox 1027 1915 1283 1979; x_wconf 89' lang='lat' dir='ltr'>modum</span> <span class='ocrx_word' id='word_1_82' title='bbox 1322 1933 1513 1996; x_wconf 89' lang='lat' dir='ltr'>quum</span> <span class='ocrx_word' id='word_1_83' title='bbox 1565 1918 1787 1985; x_wconf 89' lang='lat' dir='ltr'>auctor</span> <span class='ocrx_word' id='word_1_84' title='bbox 1833 1913 2140 1976; x_wconf 88' lang='lat' dir='ltr'>Actorum</span> <span class='ocrx_word' id='word_1_85' title='bbox 2180 1911 2366 1975; x_wconf 90' lang='lat' dir='ltr'>Pilati</span> <span class='ocrx_word' id='word_1_86' title='bbox 2418 1929 2527 1975; x_wconf 90' lang='lat' dir='ltr'>eos</span> <span class='ocrx_word' id='word_1_87' title='bbox 2613 1990 2618 1994; x_wconf 12' lang='grc' dir='ltr'><em>ᾗ</em></span> 
     </span>
    </p>
   </div>
   <div class='ocr_carea' id='block_1_6' title="bbox 206 2046 2564 3754">
    <p class='ocr_par' dir='ltr' id='par_1_6' title="bbox 206 2046 2564 3754">
     <span class='ocr_line' id='line_1_13' title="bbox 283 2046 2526 2130; baseline -0.001 -18"><span class='ocrx_word' id='word_1_88' title='bbox 283 2053 725 2130; x_wconf 88' lang='lat' dir='ltr'>repraesentet</span> <span class='ocrx_word' id='word_1_89' title='bbox 763 2067 1033 2129; x_wconf 91' lang='lat' dir='ltr'>quorum</span> <span class='ocrx_word' id='word_1_90' title='bbox 1075 2050 1139 2113; x_wconf 90' lang='lat' dir='ltr'>in</span> <span class='ocrx_word' id='word_1_91' title='bbox 1178 2051 1408 2114; x_wconf 90' lang='lat' dir='ltr'>iudicio</span> <span class='ocrx_word' id='word_1_92' title='bbox 1453 2050 1621 2114; x_wconf 89' lang='lat' dir='ltr'>circa</span> <span class='ocrx_word' id='word_1_93' title='bbox 1669 2048 1991 2112; x_wconf 89' lang='lat' dir='ltr'>Christum</span> <span class='ocrx_word' id='word_1_94' title='bbox 2029 2046 2250 2111; x_wconf 41' lang='lat' dir='ltr'>habito.</span> <span class='ocrx_word' id='word_1_95' title='bbox 2285 2047 2526 2129; x_wconf 87' lang='lat' dir='ltr'>primae</span> 
     </span>
     <span class='ocr_line' id='line_1_14' title="bbox 283 2183 2527 2267; baseline -0.002 -19"><span class='ocrx_word' id='word_1_96' title='bbox 283 2189 502 2266; x_wconf 91' lang='lat' dir='ltr'>partes</span> <span class='ocrx_word' id='word_1_97' title='bbox 535 2189 744 2263; x_wconf 89' lang='lat' dir='ltr'>erant,</span> <span class='ocrx_word' id='word_1_98' title='bbox 792 2204 948 2267; x_wconf 91' lang='lat' dir='ltr'>prae</span> <span class='ocrx_word' id='word_1_99' title='bbox 979 2186 1057 2250; x_wconf 88' lang='lat' dir='ltr'>iis</span> <span class='ocrx_word' id='word_1_100' title='bbox 1091 2205 1360 2266; x_wconf 89' lang='lat' dir='ltr'>quorum</span> <span class='ocrx_word' id='word_1_101' title='bbox 1390 2185 1753 2267; x_wconf 88' lang='lat' dir='ltr'>apocrypha</span> <span class='ocrx_word' id='word_1_102' title='bbox 1793 2184 1873 2247; x_wconf 90' lang='lat' dir='ltr'>ad</span> <span class='ocrx_word' id='word_1_103' title='bbox 1909 2201 2025 2247; x_wconf 91' lang='lat' dir='ltr'>nos</span> <span class='ocrx_word' id='word_1_104' title='bbox 2068 2183 2307 2264; x_wconf 86' lang='lat' dir='ltr'>scripta</span> <span class='ocrx_word' id='word_1_105' title='bbox 2337 2201 2527 2261; x_wconf 81' lang='lat' dir='ltr'>argu-</span> 
     </span>
     <span class='ocr_line' id='line_1_15' title="bbox 284 2317 2527 2403; baseline -0 -21"><span class='ocrx_word' id='word_1_106' title='bbox 284 2320 480 2383; x_wconf 93' lang='lat' dir='ltr'>menti</span> <span class='ocrx_word' id='word_1_107' title='bbox 525 2321 873 2402; x_wconf 85' lang='lat' dir='ltr'>evangelici</span> <span class='ocrx_word' id='word_1_108' title='bbox 926 2326 1357 2403; x_wconf 90' lang='lat' dir='ltr'>pervenerunt</span> <span class='ocrx_word' id='word_1_109' title='bbox 1411 2320 1701 2386; x_wconf 89' lang='lat' dir='ltr'>omnibus</span> <span class='ocrx_word' id='word_1_110' title='bbox 1755 2322 2069 2383; x_wconf 85' lang='lat' dir='ltr'>amantem</span> <span class='ocrx_word' id='word_1_111' title='bbox 2115 2336 2184 2382; x_wconf 85' lang='lat' dir='ltr'>se</span> <span class='ocrx_word' id='word_1_112' title='bbox 2244 2317 2527 2381; x_wconf 86' lang='lat' dir='ltr'>veritatis</span> 
     </span>
     <span class='ocr_line' id='line_1_16' title="bbox 284 2452 2528 2538; baseline -0.001 -20"><span class='ocrx_word' id='word_1_113' title='bbox 284 2453 537 2535; x_wconf 90' lang='lat' dir='ltr'>fideque</span> <span class='ocrx_word' id='word_1_114' title='bbox 568 2457 668 2520; x_wconf 88' lang='lat' dir='ltr'>vel</span> <span class='ocrx_word' id='word_1_115' title='bbox 699 2461 873 2521; x_wconf 92' lang='lat' dir='ltr'>certe</span> <span class='ocrx_word' id='word_1_116' title='bbox 919 2457 1202 2522; x_wconf 87' lang='lat' dir='ltr'>examine</span> <span class='ocrx_word' id='word_1_117' title='bbox 1249 2457 1509 2538; x_wconf 86' lang='lat' dir='ltr'>dignum</span> <span class='ocrx_word' id='word_1_118' title='bbox 1538 2455 1850 2537; x_wconf 89' lang='lat' dir='ltr'>praebuit.</span> <span class='ocrx_word' id='word_1_119' title='bbox 1926 2454 2128 2530; x_wconf 83' lang='lat' dir='ltr'>Quam</span> <span class='ocrx_word' id='word_1_120' title='bbox 2167 2453 2248 2516; x_wconf 89' lang='lat' dir='ltr'>ad</span> <span class='ocrx_word' id='word_1_121' title='bbox 2277 2452 2528 2516; x_wconf 90' lang='lat' dir='ltr'>laudem</span> 
     </span>
     <span class='ocr_line' id='line_1_17' title="bbox 284 2588 2526 2673; baseline -0.001 -19"><span class='ocrx_word' id='word_1_122' title='bbox 284 2590 771 2656; x_wconf 90' lang='lat' dir='ltr'>imminuendam</span> <span class='ocrx_word' id='word_1_123' title='bbox 817 2591 1001 2657; x_wconf 89' lang='lat' dir='ltr'>facile</span> <span class='ocrx_word' id='word_1_124' title='bbox 1048 2592 1277 2673; x_wconf 89' lang='lat' dir='ltr'>aliquis</span> <span class='ocrx_word' id='word_1_125' title='bbox 1324 2591 1558 2657; x_wconf 86' lang='lat' dir='ltr'>dixerit</span> <span class='ocrx_word' id='word_1_126' title='bbox 1600 2593 1935 2670; x_wconf 87' lang='lat' dir='ltr'>tantopere</span> <span class='ocrx_word' id='word_1_127' title='bbox 1983 2588 2160 2652; x_wconf 90' lang='lat' dir='ltr'>illum</span> <span class='ocrx_word' id='word_1_128' title='bbox 2208 2588 2285 2652; x_wconf 88' lang='lat' dir='ltr'>ab</span> <span class='ocrx_word' id='word_1_129' title='bbox 2336 2607 2526 2652; x_wconf 88' lang='lat' dir='ltr'>evan-</span> 
     </span>
     <span class='ocr_line' id='line_1_18' title="bbox 283 2726 2530 2810; baseline -0.002 -20"><span class='ocrx_word' id='word_1_130' title='bbox 283 2726 466 2806; x_wconf 84' lang='lat' dir='ltr'>geliis</span> <span class='ocrx_word' id='word_1_131' title='bbox 516 2728 752 2791; x_wconf 91' lang='lat' dir='ltr'>nostris</span> <span class='ocrx_word' id='word_1_132' title='bbox 798 2728 1114 2792; x_wconf 87' lang='lat' dir='ltr'>canonicis</span> <span class='ocrx_word' id='word_1_133' title='bbox 1159 2728 1539 2810; x_wconf 87' lang='lat' dir='ltr'>pependisse</span> <span class='ocrx_word' id='word_1_134' title='bbox 1588 2731 1659 2792; x_wconf 86' lang='lat' dir='ltr'>ut</span> <span class='ocrx_word' id='word_1_135' title='bbox 1703 2744 1922 2789; x_wconf 91' lang='lat' dir='ltr'>eorum</span> <span class='ocrx_word' id='word_1_136' title='bbox 1970 2743 2096 2788; x_wconf 94' lang='lat' dir='ltr'>non</span> <span class='ocrx_word' id='word_1_137' title='bbox 2140 2729 2361 2805; x_wconf 88' lang='lat' dir='ltr'>posset</span> <span class='ocrx_word' id='word_1_138' title='bbox 2402 2742 2530 2788; x_wconf 92' lang='lat' dir='ltr'>non</span> 
     </span>
     <span class='ocr_line' id='line_1_19' title="bbox 284 2855 2564 2943; baseline -0.001 -19"><span class='ocrx_word' id='word_1_139' title='bbox 284 2861 559 2941; x_wconf 86' lang='lat' dir='ltr'>vestigia</span> <span class='ocrx_word' id='word_1_140' title='bbox 587 2863 906 2943; x_wconf 89' lang='lat' dir='ltr'>persequi.</span> <span class='ocrx_word' id='word_1_141' title='bbox 968 2863 1054 2926; x_wconf 91' lang='lat' dir='ltr'>At</span> <span class='ocrx_word' id='word_1_142' title='bbox 1087 2855 1257 2927; x_wconf 88' lang='lat' dir='ltr'>aliud</span> <span class='ocrx_word' id='word_1_143' title='bbox 1288 2866 1565 2926; x_wconf 89' lang='lat' dir='ltr'>testatur</span> <span class='ocrx_word' id='word_1_144' title='bbox 1596 2879 1759 2942; x_wconf 90' lang='lat' dir='ltr'>quae</span> <span class='ocrx_word' id='word_1_145' title='bbox 1790 2859 1958 2922; x_wconf 90' lang='lat' dir='ltr'>inter</span> <span class='ocrx_word' id='word_1_146' title='bbox 1989 2877 2134 2922; x_wconf 91' lang='lat' dir='ltr'>eum</span> <span class='ocrx_word' id='word_1_147' title='bbox 2159 2863 2224 2922; x_wconf 92' lang='lat' dir='ltr'>et</span> <span class='ocrx_word' id='word_1_148' title='bbox 2254 2877 2526 2938; x_wconf 85' lang='lat' dir='ltr'>evange·</span> <span class='ocrx_word' id='word_1_149' title='bbox 2557 2923 2564 2928; x_wconf 77' lang='grc'>,</span> 
     </span>
     <span class='ocr_line' id='line_1_20' title="bbox 280 2992 2529 3077; baseline -0.002 -17"><span class='ocrx_word' id='word_1_150' title='bbox 280 2997 462 3060; x_wconf 87' lang='lat' dir='ltr'>listas</span> <span class='ocrx_word' id='word_1_151' title='bbox 493 3016 724 3077; x_wconf 85' lang='lat' dir='ltr'>magna</span> <span class='ocrx_word' id='word_1_152' title='bbox 752 2998 942 3062; x_wconf 90' lang='lat' dir='ltr'>estin</span> <span class='ocrx_word' id='word_1_153' title='bbox 976 2996 1327 3062; x_wconf 90' lang='lat' dir='ltr'>referendis</span> <span class='ocrx_word' id='word_1_154' title='bbox 1368 2997 1561 3062; x_wconf 89' lang='lat' dir='ltr'>rebus</span> <span class='ocrx_word' id='word_1_155' title='bbox 1602 2996 1868 3077; x_wconf 84' lang='lat' dir='ltr'>singulis</span> <span class='ocrx_word' id='word_1_156' title='bbox 1910 2993 2282 3060; x_wconf 88' lang='lat' dir='ltr'>differentia.</span> <span class='ocrx_word' id='word_1_157' title='bbox 2352 2992 2529 3057; x_wconf 89' lang='lat' dir='ltr'>Haec</span> 
     </span>
     <span class='ocr_line' id='line_1_21' title="bbox 282 3129 2528 3214; baseline -0.002 -18"><span class='ocrx_word' id='word_1_158' title='bbox 282 3132 525 3196; x_wconf 89' lang='lat' dir='ltr'>scilicet</span> <span class='ocrx_word' id='word_1_159' title='bbox 557 3132 941 3211; x_wconf 87' lang='lat' dir='ltr'>differentia,</span> <span class='ocrx_word' id='word_1_160' title='bbox 989 3133 1116 3195; x_wconf 89' lang='lat' dir='ltr'>iam</span> <span class='ocrx_word' id='word_1_161' title='bbox 1158 3133 1454 3214; x_wconf 89' lang='lat' dir='ltr'>sepositis</span> <span class='ocrx_word' id='word_1_162' title='bbox 1487 3133 1566 3196; x_wconf 88' lang='lat' dir='ltr'>iis</span> <span class='ocrx_word' id='word_1_163' title='bbox 1598 3150 1760 3212; x_wconf 90' lang='lat' dir='ltr'>quae</span> <span class='ocrx_word' id='word_1_164' title='bbox 1791 3131 2067 3195; x_wconf 88' lang='lat' dir='ltr'>fabulam</span> <span class='ocrx_word' id='word_1_165' title='bbox 2097 3129 2528 3211; x_wconf 81' lang='lat' dir='ltr'>potiusquam</span> 
     </span>
     <span class='ocr_line' id='line_1_22' title="bbox 206 3264 2529 3357; baseline -0.001 -24"><span class='ocrx_word' id='word_1_166' title='bbox 206 3352 214 3357; x_wconf 87' lang='lat'>.</span> <span class='ocrx_word' id='word_1_167' title='bbox 283 3268 614 3333; x_wconf 89' lang='lat' dir='ltr'>historiam</span> <span class='ocrx_word' id='word_1_168' title='bbox 646 3267 966 3346; x_wconf 88' lang='lat' dir='ltr'>redolent,</span> <span class='ocrx_word' id='word_1_169' title='bbox 1011 3272 1189 3331; x_wconf 87' lang='lat' dir='ltr'>tanta</span> <span class='ocrx_word' id='word_1_170' title='bbox 1220 3273 1285 3332; x_wconf 92' lang='lat' dir='ltr'>et</span> <span class='ocrx_word' id='word_1_171' title='bbox 1322 3267 1466 3332; x_wconf 88' lang='lat' dir='ltr'>talis</span> <span class='ocrx_word' id='word_1_172' title='bbox 1500 3271 1817 3346; x_wconf 88' lang='lat' dir='ltr'>remanet,</span> <span class='ocrx_word' id='word_1_173' title='bbox 1865 3273 1937 3331; x_wconf 93' lang='lat' dir='ltr'>ut</span> <span class='ocrx_word' id='word_1_174' title='bbox 1967 3285 2128 3347; x_wconf 91' lang='lat' dir='ltr'>quae</span> <span class='ocrx_word' id='word_1_175' title='bbox 2169 3265 2332 3329; x_wconf 90' lang='lat' dir='ltr'>ratio</span> <span class='ocrx_word' id='word_1_176' title='bbox 2362 3264 2529 3330; x_wconf 86' lang='lat' dir='ltr'>inter</span> 
     </span>
     <span class='ocr_line' id='line_1_23' title="bbox 280 3401 2529 3484; baseline -0.001 -19"><span class='ocrx_word' id='word_1_177' title='bbox 280 3404 520 3466; x_wconf 90' lang='lat' dir='ltr'>Lucam</span> <span class='ocrx_word' id='word_1_178' title='bbox 563 3403 918 3468; x_wconf 85' lang='lat' dir='ltr'>intercedat</span> <span class='ocrx_word' id='word_1_179' title='bbox 963 3407 1048 3467; x_wconf 91' lang='lat' dir='ltr'>et·</span> <span class='ocrx_word' id='word_1_180' title='bbox 1071 3403 1496 3480; x_wconf 89' lang='lat' dir='ltr'>Matthaeum,</span> <span class='ocrx_word' id='word_1_181' title='bbox 1546 3403 1643 3466; x_wconf 91' lang='lat' dir='ltr'>vel</span> <span class='ocrx_word' id='word_1_182' title='bbox 1691 3403 1892 3484; x_wconf 85' lang='lat' dir='ltr'>magis</span> <span class='ocrx_word' id='word_1_183' title='bbox 1936 3403 2126 3467; x_wconf 89' lang='lat' dir='ltr'>etiam</span> <span class='ocrx_word' id='word_1_184' title='bbox 2166 3419 2328 3481; x_wconf 88' lang='lat' dir='ltr'>quae</span> <span class='ocrx_word' id='word_1_185' title='bbox 2361 3401 2529 3463; x_wconf 85' lang='lat' dir='ltr'>inter</span> 
     </span>
     <span class='ocr_line' id='line_1_24' title="bbox 285 3534 2529 3621; baseline -0.003 -19"><span class='ocrx_word' id='word_1_186' title='bbox 285 3537 635 3602; x_wconf 90' lang='lat' dir='ltr'>Iohannem</span> <span class='ocrx_word' id='word_1_187' title='bbox 666 3543 732 3602; x_wconf 92' lang='lat' dir='ltr'>et</span> <span class='ocrx_word' id='word_1_188' title='bbox 764 3538 1161 3621; x_wconf 84' lang='lat' dir='ltr'>Synopticos,</span> <span class='ocrx_word' id='word_1_189' title='bbox 1193 3540 1458 3603; x_wconf 90' lang='lat' dir='ltr'>eandem</span> <span class='ocrx_word' id='word_1_190' title='bbox 1486 3537 1623 3602; x_wconf 87' lang='lat' dir='ltr'>fere</span> <span class='ocrx_word' id='word_1_191' title='bbox 1654 3538 1826 3602; x_wconf 90' lang='lat' dir='ltr'>dicas</span> <span class='ocrx_word' id='word_1_192' title='bbox 1858 3539 2024 3602; x_wconf 90' lang='lat' dir='ltr'>inter</span> <span class='ocrx_word' id='word_1_193' title='bbox 2053 3538 2217 3600; x_wconf 90' lang='lat' dir='ltr'>Acta</span> <span class='ocrx_word' id='word_1_194' title='bbox 2244 3534 2430 3598; x_wconf 90' lang='lat' dir='ltr'>Pilati</span> <span class='ocrx_word' id='word_1_195' title='bbox 2464 3538 2529 3597; x_wconf 92' lang='lat' dir='ltr'>et</span> 
     </span>
     <span class='ocr_line' id='line_1_25' title="bbox 281 3670 2526 3754; baseline -0.002 -19"><span class='ocrx_word' id='word_1_196' title='bbox 281 3676 584 3753; x_wconf 88' lang='lat' dir='ltr'>quattuor</span> <span class='ocrx_word' id='word_1_197' title='bbox 640 3674 971 3754; x_wconf 84' lang='lat' dir='ltr'>evangelia</span> <span class='ocrx_word' id='word_1_198' title='bbox 1025 3692 1167 3738; x_wconf 90' lang='lat' dir='ltr'>esse</span> <span class='ocrx_word' id='word_1_199' title='bbox 1226 3674 1443 3737; x_wconf 91' lang='lat' dir='ltr'>videri.</span> <span class='ocrx_word' id='word_1_200' title='bbox 1534 3672 1712 3749; x_wconf 82' lang='lat' dir='ltr'>Quae</span> <span class='ocrx_word' id='word_1_201' title='bbox 1758 3686 1950 3751; x_wconf 90' lang='lat' dir='ltr'>quum</span> <span class='ocrx_word' id='word_1_202' title='bbox 1994 3671 2085 3734; x_wconf 89' lang='lat' dir='ltr'>ita</span> <span class='ocrx_word' id='word_1_203' title='bbox 2136 3670 2289 3749; x_wconf 86' lang='lat' dir='ltr'>sint,</span> <span class='ocrx_word' id='word_1_204' title='bbox 2338 3687 2526 3749; x_wconf 88' lang='lat' dir='ltr'>quam</span> 
     </span>
    </p>
   </div>
   <div class='ocr_carea' id='block_1_7' title="bbox 280 3804 2524 3889">
    <p class='ocr_par' dir='ltr' id='par_1_7' title="bbox 280 3804 2524 3889">
     <span class='ocr_line' id='line_1_26' title="bbox 280 3804 2524 3889; baseline -0.002 -18"><span class='ocrx_word' id='word_1_205' title='bbox 280 3809 443 3871; x_wconf 90' lang='lat' dir='ltr'>Acta</span> <span class='ocrx_word' id='word_1_206' title='bbox 497 3806 687 3870; x_wconf 90' lang='lat' dir='ltr'>Pilati</span> <span class='ocrx_word' id='word_1_207' title='bbox 745 3827 1083 3889; x_wconf 87' lang='lat' dir='ltr'>personam</span> <span class='ocrx_word' id='word_1_208' title='bbox 1136 3812 1595 3885; x_wconf 89' lang='lat' dir='ltr'>accusatorum,</span> <span class='ocrx_word' id='word_1_209' title='bbox 1647 3825 1834 3887; x_wconf 91' lang='lat' dir='ltr'>quam</span> <span class='ocrx_word' id='word_1_210' title='bbox 1869 3806 1994 3885; x_wconf 86' lang='lat' dir='ltr'>rei,</span> <span class='ocrx_word' id='word_1_211' title='bbox 2058 3824 2245 3886; x_wconf 89' lang='lat' dir='ltr'>quam</span> <span class='ocrx_word' id='word_1_212' title='bbox 2298 3804 2524 3868; x_wconf 90' lang='lat' dir='ltr'>iudicis</span> 
     </span>
    </p>
   </div>
   <div class='ocr_carea' id='block_1_8' title="bbox 425 4119 2519 4225">
    <p class='ocr_par' dir='ltr' id='par_1_8' title="bbox 425 4119 2519 4225">
     <span class='ocr_line' id='line_1_27' title="bbox 425 4119 2519 4225; baseline -0.001 -13"><span class='ocrx_word' id='word_1_213' title='bbox 425 4163 458 4225; x_wconf 91' lang='lat'>¹)</span> <span class='ocrx_word' id='word_1_214' title='bbox 498 4119 772 4212; x_wconf 84' lang='lat' dir='ltr'>Similiter</span> <span class='ocrx_word' id='word_1_215' title='bbox 796 4157 906 4210; x_wconf 87' lang='lat' dir='ltr'>hac</span> <span class='ocrx_word' id='word_1_216' title='bbox 933 4156 1003 4209; x_wconf 91' lang='lat' dir='ltr'>de</span> <span class='ocrx_word' id='word_1_217' title='bbox 1029 4173 1089 4209; x_wconf 91' lang='lat' dir='ltr'>re</span> <span class='ocrx_word' id='word_1_218' title='bbox 1115 4156 1228 4208; x_wconf 88' lang='lat' dir='ltr'>iam</span> <span class='ocrx_word' id='word_1_219' title='bbox 1268 4157 1502 4224; x_wconf 86' lang='lat' dir='ltr'>exposui</span> <span class='ocrx_word' id='word_1_220' title='bbox 1528 4160 1586 4209; x_wconf 89' lang='lat' dir='ltr'>in</span> <span class='ocrx_word' id='word_1_221' title='bbox 1613 4156 1808 4209; x_wconf 90' lang='lat' dir='ltr'>libello</span> <span class='ocrx_word' id='word_1_222' title='bbox 1837 4158 1908 4208; x_wconf 88' lang='lat' dir='ltr'>de</span> <span class='ocrx_word' id='word_1_223' title='bbox 1936 4156 2359 4225; x_wconf 87' lang='lat' dir='ltr'>evangeliorum</span> <span class='ocrx_word' id='word_1_224' title='bbox 2386 4173 2519 4225; x_wconf 88' lang='lat' dir='ltr'>apo-</span> 
     </span>
    </p>
   </div>
   <div class='ocr_carea' id='block_1_9' title="bbox 280 4257 2517 4432">
    <p class='ocr_par' dir='ltr' id='par_1_9' title="bbox 280 4257 2517 4432">
     <span class='ocr_line' id='line_1_28' title="bbox 280 4257 2517 4330; baseline 0.001 -17"><span class='ocrx_word' id='word_1_225' title='bbox 280 4260 623 4330; x_wconf 86' lang='lat' dir='ltr'>cryphorum</span> <span class='ocrx_word' id='word_1_226' title='bbox 651 4259 870 4330; x_wconf 86' lang='lat' dir='ltr'>origine</span> <span class='ocrx_word' id='word_1_227' title='bbox 897 4263 954 4312; x_wconf 87' lang='lat' dir='ltr'>et</span> <span class='ocrx_word' id='word_1_228' title='bbox 977 4275 1086 4311; x_wconf 86' lang='lat' dir='ltr'>usu</span> <span class='ocrx_word' id='word_1_229' title='bbox 1112 4257 1267 4325; x_wconf 88' lang='lat' dir='ltr'>apud</span> <span class='ocrx_word' id='word_1_230' title='bbox 1289 4258 1494 4311; x_wconf 81' lang='lat' dir='ltr'>doctos</span> <span class='ocrx_word' id='word_1_231' title='bbox 1519 4257 1796 4329; x_wconf 82' lang='lat' dir='ltr'>Haganos</span> <span class='ocrx_word' id='word_1_232' title='bbox 1822 4274 2004 4328; x_wconf 87' lang='lat' dir='ltr'>nuper</span> <span class='ocrx_word' id='word_1_233' title='bbox 2021 4257 2274 4329; x_wconf 88' lang='lat' dir='ltr'>praemio</span> <span class='ocrx_word' id='word_1_234' title='bbox 2301 4264 2517 4315; x_wconf 78' lang='lat' dir='ltr'>ornato·</span> 
     </span>
     <span class='ocr_line' id='line_1_29' title="bbox 281 4360 867 4432; baseline 0 -17"><span class='ocrx_word' id='word_1_235' title='bbox 281 4360 369 4415; x_wconf 86' lang='lat' dir='ltr'>Cf.</span> <span class='ocrx_word' id='word_1_236' title='bbox 393 4361 475 4414; x_wconf 89' lang='lat' dir='ltr'>ibi</span> <span class='ocrx_word' id='word_1_237' title='bbox 501 4378 633 4432; x_wconf 88' lang='lat' dir='ltr'>pag.</span> <span class='ocrx_word' id='word_1_238' title='bbox 658 4361 758 4415; x_wconf 83' lang='lat'>158</span> <span class='ocrx_word' id='word_1_239' title='bbox 783 4380 867 4432; x_wconf 80' lang='lat' dir='ltr'>sq.</span> 
     </span>
    </p>
   </div>
  </div>
 </body>
</html>
