3072 5200
1400 456 1479 521 13

311 697 514 757 totam
546 712 683 758 rem
717 693 798 756 ad
828 693 1001 776 ipsos
1035 700 1437 759 accusatores
1471 695 1760 775 relegare
1785 694 2017 758 studet.
2064 693 2311 758 Rursus
2337 694 2558 758 Iudaei

313 829 436 892 sibi
471 847 597 892 non
626 829 818 893 licere
848 848 1118 910 poenam
1150 830 1372 894 mortis
1397 830 1739 895 decernere
1764 830 1997 908 dicunt,
2032 829 2382 893 cuiusmodi
2406 828 2557 909 quid

307 969 380 1027 ut
412 964 720 1042 dicerent,
753 964 817 1027 in
848 964 1059 1028 verbis
1083 965 1272 1033 Pilati
1303 964 1458 1028 nihil
1489 983 1752 1029 caussae
1784 969 1939 1028 erat.
1987 964 2197 1045 Atque
2236 963 2554 1028 concludi-

310 1102 418 1161 tur
449 1099 594 1162 inde
627 1100 707 1162 ad
739 1099 946 1181 ipsum
978 1099 1182 1163 crucis
1214 1099 1592 1182 supplicium
1627 1099 1881 1163 Christo
1914 1098 2316 1162 destinatum.
2378 1097 2553 1163 Haec

311 1253 464 1298 vero
516 1234 726 1298 omnia
775 1233 1072 1299 adhibitis
1125 1235 1313 1299 Pilati
1356 1235 1534 1299 Actis
1578 1235 1768 1316 plana
1810 1239 1958 1298 sunt
2005 1239 2193 1315 atque
2240 1233 2551 1315 expedita.

307 1369 554 1433 Eadem
584 1369 670 1432 ibi
703 1370 896 1433 verba
927 1375 1061 1434 tu1n
1087 1370 1470 1435 Iudaeorum
1500 1376 1636 1434 tum
1651 1370 1840 1433 Pilati
1870 1370 2170 1450 leguntur
2199 1368 2315 1447 ΙΙΙ,
2354 1374 2404 1432 1.
2438 1368 2551 1432 sed

308 1522 475 1567 nexu
517 1505 672 1568 satis
714 1504 986 1569 diverso.
1060 1504 1317 1569 Dudum
1357 1506 1522 1570 enim
1552 1506 1692 1587 ipsa
1721 1505 2040 1569 accusatio
2071 1505 2278 1568 locum
2308 1502 2548 1581 habuit,

307 1643 500 1719 atque
542 1639 694 1703 item
732 1645 1030 1704 narratur
1066 1640 1402 1705 rescivisse
1431 1641 1736 1720 Pilatum,
1780 1640 2051 1704 Iudaeos
2092 1639 2264 1703 nulla
2313 1638 2440 1702 alia
2477 1657 2546 1701 re

307 1791 495 1853 quam
535 1774 773 1838 invidia
811 1775 1148 1856 studioque
1187 1775 1512 1856 religionis
1546 1775 1794 1840 sabbati
1826 1774 2236 1838 vindicandae
2266 1772 2544 1838 inChri-

307 1913 477 1973 stum
517 1909 864 1975 concitatos
905 1929 1065 1975 esse.
1143 1911 1303 1974 Tum
1332 1911 1578 1975 Pilatus
1607 1911 1823 1992 prodit
1852 1910 2050 1974 solem
2080 1913 2442 1973 contestans
2474 1927 2543 1972 se

301 2044 537 2107 nullam
578 2044 642 2107 in
681 2045 829 2109 Iesu
869 2045 1116 2126 culpam
1158 2044 1460 2110 invenire.
1536 2045 2015 2127 Reponentibus
2065 2063 2215 2109 vero
2256 2043 2539 2125 Iudaeis:

306 2177 383 2240 Εἰ
414 2179 496 2263 μὴ
528 2172 602 2248 ἦν
635 2172 809 2252 οὗτος
837 2178 1182 2256 κακοποιὸς,
1215 2183 1325 2243 οὐκ
1355 2179 1427 2243 ἄν
1452 2204 1546 2243 σοι
1567 2169 2005 2267 παρεδώκαμεν
2030 2181 2236 2258 αὐτόν,
2265 2179 2403 2260 ipse
2428 2179 2540 2242 ad-

305 2314 425 2377 dit:
472 2312 723 2397 Λάβετε
764 2315 949 2378 αὐτὸν
988 2319 1152 2403 ὑμεῖς
1181 2317 1285 2378 καὶ
1314 2315 1479 2378 κατὰ
1507 2315 1617 2379 τὸν
1648 2316 1829 2400 νόμον
1862 2318 2027 2401 ὑμῶν
2058 2315 2302 2402 κρίνατε
2332 2313 2536 2376 αὐτόν.

299 2449 550 2514 Rursus
567 2450 805 2530 Iudaei,
838 2451 1365 2531 quemadmodum
1397 2451 1521 2514 iam
1553 2451 1631 2515 ab
1663 2451 1843 2515 initio
1875 2469 2010 2515 rem
2041 2468 2222 2514 suam
2252 2467 2394 2513 esse
2435 2467 2538 2512 ca-

302 2585 563 2667 pitalem
607 2583 1072 2669 significarunt,
1112 2586 1414 2652 iudicium
1443 2587 1592 2652 Iesu
1634 2587 1715 2653 ad
1743 2586 2036 2666 Pilatum,
2079 2603 2208 2650 non
2246 2584 2325 2649 ad
2365 2583 2538 2665 ipsos

298 2721 624 2802 pertinere
676 2720 856 2784 aiunt
904 2721 1200 2786 dicendo:
1242 2719 1427 2809 Ἡμῖν
1468 2726 1580 2785 οὐκ.
1622 2714 1850 2797 ἔξεστιν
1896 2724 2254 2785 ἀποκτεῖναι
2299 2709 2534 2783 οὐδένα.

299 2856 477 2932 Quae
519 2855 600 2919 ad
649 2856 843 2925 verba¹
877 2862 1202 2939 postrema
1238 2857 1513 2921 Pilatum
1561 2857 1726 2921 salse
1770 2857 2179 2938 respondisse
2223 2854 2534 2921 referunt:

294 2990 473 3077 ’Υμῒν
507 2987 665 3054 εἶπεν
701 2996 733 3055 ὁ
765 2988 895 3066 θεὸς
926 2993 1008 3080 μὴ
1041 2996 1415 3072 ἀποκτεῖναι,
1447 2993 1580 3055 ἀλλ’
1617 2991 1779 3075 ἐμοί;
1844 2991 2385 3067 Quemadmodum
2414 2990 2533 3070 igi-

294 3132 403 3191 tur
431 3126 795 3191 Matthaeus
828 3132 894 3191 et
921 3128 1203 3208 Marcus,
1241 3126 1710 3210 praetermissis
1739 3126 1817 3191 iis
1850 3144 2011 3206 quae
2047 3131 2537 3208 praecesserunt

296 3261 607 3341 omnibus,
639 3262 854 3326 iudicii
884 3262 1134 3326 initium
1167 3282 1241 3327 eo
1272 3261 1511 3326 faciunt
1542 3261 1713 3343 quod
1742 3261 1984 3326 Pilatus
2008 3262 2220 3326 Iesum
2258 3262 2531 3325 interro-

294 3402 406 3476 gat
449 3415 598 3459 num
648 3398 732 3461 sit
777 3398 1161 3462 Iudaeorum
1203 3416 1344 3477 reX,
1389 3397 1481 3462 ita
1523 3416 1641 3462 nec
1671 3395 1985 3462 Iohannes
2024 3397 2232 3478 ipsum
2263 3395 2530 3461 actionis

291 3549 508 3595 coram
540 3532 743 3596 Pilato
776 3531 1023 3596 initium
1051 3533 1371 3598 indicavit.
1418 3533 1773 3598 Iudicatum
1805 3551 1975 3611 vem,
2007 3531 2294 3611 quamvis
2324 3530 2532 3595 aliena

290 3666 614 3745 accedant,
644 3666 814 3730 haud
844 3667 1345 3749 improbabiliter
1371 3666 1439 3731 in
1467 3666 1644 3730 Actis
1673 3666 1863 3730 Pilati
1891 3665 2180 3745 legimus.

456 3802 803 3866 Praeterea
831 3801 1066 3865 ibidem
1096 3802 1287 3866 etiam
1315 3802 1457 3883 ipsa
1485 3777 1926 3865 accusatorum
1954 3800 2209 3864 nomina
2235 3798 2523 3865 referun-

288 3941 413 4001 tur.
481 3937 580 4001 Ea
610 3954 799 4016 quam
828 3934 1016 4000 fidem
1043 3936 1336 4016 habeant,
1368 3934 1619 4000 difficile
1650 3934 1915 4014 dixeris3
1947 3935 2070 3999 nisi
2100 3935 2270 4015 quod
2298 3934 2522 3999 rectis-

288 4073 445 4137 sime
477 4071 681 4154 primo
713 4071 852 4136 loco
884 4070 1033 4152 poni
1072 4070 1366 4135 videntur
1392 4072 1610 4135 Annas
1651 4074 1716 4133 et
1747 4068 2081 4151 Caiaphas.
2158 4068 2521 4134 Gamalielis

288 4210 353 4270 et
384 4206 536 4270 Iairi
567 4207 821 4271 nomina
851 4205 1022 4287 quod
1052 4205 1516 4285 immiscentur,
1554 4204 1620 4269 id
1650 4207 1821 4269 certe
1852 4223 1979 4269 non
2010 4205 2091 4268 ad
2118 4205 2525 4270 traditionem

286 4341 696 4422 apostolicam
727 4340 1065 4407 confictum
1094 4341 1217 4405 dici
1247 4344 1479 4422 potest.
1526 4339 1868 4405 Alexandri
1899 4358 2051 4405 vero
2082 4358 2311 4405 nomen
2341 4343 2522 4405 nota-
