3072 5200
520 692 596 736 ea
617 676 789 736 certe
813 690 891 735 ex
914 670 1127 749 aliqua
1148 673 1330 750 parto
1353 666 1638 732 nonnihil
1660 666 2124 748 probabilitatis
2153 666 2417 743 habent,
2448 665 2762 764 imprimis

523 807 691 887 quod
722 804 1095 886 respondet:
1140 802 1268 864 Ἀεὶ
1299 802 1665 865 στασιαστὸν
1695 801 1769 864 τό
1803 797 1967 874 ἔθνος
1997 805 2193 885 ὑμῶν,
2234 802 2337 863 καὶ
2365 810 2492 875 τοῖς
2525 801 2766 888 εὐεργέ-

521 966 654 1015 ταις
684 947 850 1026 ὑμῶν
882 939 1254 1027 ἀντιλέγετε,
1286 939 1437 1002 item
1467 938 1571 999 καὶ
1602 947 1702 999 νῦν
1734 936 2195 1024 καταγγέλλετέ
2227 959 2341 1021 μου
2375 936 2472 998 ὅτι
2503 936 2766 1019 βασιλέα

524 1086 697 1165 μισῶ.
729 1074 1150 1139 Nihilominus
1182 1073 1401 1138 Iudaei
1433 1091 1509 1137 oa
1540 1073 1602 1135 in
1635 1092 1703 1136 re
1734 1073 2115 1154 persistunt,
2147 1072 2519 1136 clamantes:
2549 1069 2768 1157 Ἡμεῖς

527 1186 779 1295 βασιλέα
811 1200 1057 1295 οἴδαμεν
1089 1210 1196 1272 τὸν
1229 1207 1508 1295 Καίσαρα
1540 1209 1642 1269 καὶ
1673 1211 1742 1269 οὐ
1782 1206 1890 1269 τόν
1920 1205 2169 1277 Ἰησοῦν.
2246 1207 2396 1271 Iesu
2442 1225 2592 1270 vero
2639 1207 2765 1270 eri-

527 1367 671 1412 men
716 1352 1013 1425 tanquam
1060 1344 1289 1408 aemuli
1333 1345 1519 1423 regni
1565 1342 1938 1407 confirmant
1982 1363 2057 1408 eo
2105 1306 2274 1424 quod
2314 1342 2394 1406 ad
2433 1360 2768 1421 magorum

527 1481 963 1547 adorationem
995 1484 1059 1543 et
1090 1478 1365 1543 Herodis
1395 1480 1613 1559 Magni
1642 1479 2150 1560 persecutionem
2190 1481 2558 1560 provocant.
2628 1476 2765 1541 Ho-

529 1633 669 1680 rum
707 1619 1002 1711 neutrum
1042 1632 1168 1677 non
1207 1618 1573 1696 suspectum
1613 1613 1948 1678 videbitur.
2023 1614 2108 1676 At
2147 1631 2265 1694 pro
2312 1617 2487 1677 certo
2531 1611 2769 1675 habitis

529 1770 691 1831 quae
710 1749 1072 1813 Matthaeus
1105 1749 1380 1813 secundo
1414 1749 1724 1829 evangelii
1756 1749 1855 1812 sui
1886 1748 2096 1830 capite
2126 1752 2364 1826 narrat,
2384 1747 2769 1811 Iudaeorum

529 1885 726 1949 verba
762 1883 917 1946 nihil
953 1884 1180 1946 mirum
1220 1887 1331 1947 aut
1370 1902 1408 1947 a
1446 1903 1515 1946 re
1557 1883 1828 1947 alienum
1876 1883 2215 1947 continent.
2292 1882 2383 1945 Ac
2428 1882 2642 1946 nescio
2687 1901 2769 1946 an

533 2018 828 2105 coniungi
867 2022 1104 2097 queant
1148 2036 1288 2081 cum
1320 2018 1397 2081 iis
1430 2036 1592 2098 quae
1621 2018 1827 2082 Lucas
1861 2023 1960 2096 23,
1996 2024 2030 2082 7
2064 2036 2201 2098 sqq.
2235 2017 2313 2081 de
2344 2017 2492 2081 Iesu
2524 2016 2605 2081 ad
2635 2016 2768 2080 He-

533 2154 753 2217 rodem
783 2153 1047 2216 remisso
1078 2153 1290 2216 tradit.
1357 2152 1671 2215 Nimirum
1701 2153 1869 2233 apud
1899 2153 2108 2234 ipsum
2137 2151 2461 2217 Herodem
2491 2150 2597 2233 (cf.
2615 2152 2768 2216 Luc.

536 2292 636 2366 23,
675 2293 769 2351 10.
802 2286 1179 2356 εἱστήκεισαν
1222 2276 1289 2349 δὲ
1321 2324 1349 2335 -
1378 2325 1407 2335 -
1446 2287 1705 2361 εὐτόνως
1748 2296 2228 2376 κατηγοροῦντες
2274 2286 2491 2368 αὐτοῦ)
2538 2287 2774 2368 prolati

535 2441 678 2487 esse
721 2422 893 2485 credi
931 2427 1226 2502 possunt,
1272 2423 1372 2486 vel
1409 2422 1623 2504 potius
1664 2427 1799 2485 tum
1844 2440 2035 2502 quum
2064 2422 2306 2485 Pilatus
2346 2420 2426 2484 ad
2466 2422 2775 2503 populum

536 2557 800 2621 dixisset
827 2574 943 2621 nec
962 2555 1205 2621 Herodi
1236 2515 1525 2628 caussam
1556 2558 1778 2623 mortis
1809 2557 1874 2620 in
1903 2557 2052 2621 Iesu
2081 2557 2400 2622 inventam
2424 2573 2587 2636 esse,
2616 2557 2774 2621 Luc.

539 2697 743 2770 23,15.
819 2691 959 2756 Hoc
1005 2697 1255 2772 sumpto
1301 2693 1382 2756 ad
1428 2692 1768 2756 amicitiam
1809 2692 1977 2756 inter
2020 2692 2345 2757 Herodem
2388 2692 2667 2775 Antipan
2710 2698 2784 2757 et

537 2826 810 2890 Pilatum
851 2826 953 2889 die
991 2827 1098 2890 illo
1136 2827 1497 2891 restitutam
1528 2827 1707 2907 (Luc.
1743 2832 1841 2892 23.
1881 2827 2004 2908 12.)
2037 2828 2423 2909 pertinuisse
2461 2827 2784 2892 videbitur

540 2960 708 3040 quod
759 2961 994 3024 mentio
1047 2960 1213 3025 facta
1273 2962 1351 3024 de
1404 2961 1684 3026 Herodis
1737 2964 1937 3042 patris
1989 2962 2434 3045 persecutione
2492 2963 2785 3027 nonnihil

539 3095 811 3158 valuerit
852 3096 932 3158 ad
979 3094 1303 3160 ferendam
1348 3096 1425 3160 de
1466 3097 1614 3161 Iesu
1661 3100 1960 3177 tanquam
2004 3097 2385 3162 Iudaeorum
2433 3116 2584 3178 rege
2630 3116 2783 3162 sen—

539 3229 821 3294 tentiam.

710 3362 809 3424 Ab
853 3362 979 3427 ista
1008 3363 1204 3444 igitur
1241 3364 1561 3429 mentione
1591 3363 1970 3429 insidiarum
1995 3365 2271 3431 Herodis
2302 3367 2548 3447 Magni,
2580 3368 2780 3431 inter-

542 3497 723 3561 iectis
754 3496 992 3578 paucis,
1026 3497 1105 3560 ad
1130 3498 1716 3563 condemnationem
1736 3501 2044 3580 pergitur.
2094 3502 2269 3578 Quae
2293 3507 2631 3583 antequam
2647 3500 2783 3582 fiat,

541 3632 821 3697 narratio
876 3632 1182 3697 Actorum
1224 3633 1412 3697 Pilati
1463 3634 1752 3716 proxime
1807 3635 1886 3698 ad
1930 3635 2324 3700 Matthaeum
2380 3638 2624 3702 accedit
2678 3643 2783 3716 27,

547 3770 627 3829 24
659 3782 751 3844 sq.
821 3766 1134 3847 Imprimis
1167 3772 1377 3832 autem
1408 3769 1473 3832 id
1503 3769 1771 3834 interest
1801 3771 1972 3851 quod
2001 3777 2382 3852 procurator
2412 3772 2582 3854 apud
2610 3772 2781 3835 Mat·

426 3980 431 3987 .
545 3901 801 3964 thaeum
840 3899 1131 3963 ἀπέναντι
1169 3911 1281 3964 τοῦ
1324 3891 1534 3988 ὄχλου,
1580 3903 1646 3965 in
1684 3904 1861 3968 Actis
1892 3903 2079 3969 Pilati
2120 3905 2413 3969 ἀπέναντι
2450 3916 2563 3970 τοῦ
2608 3906 2782 3976 ἡλίου

545 4054 768 4100 manus
808 4036 1040 4101 lavisse
1080 4036 1331 4101 dicitur.
1409 4036 1594 4112 Quod
1622 4038 1687 4101 in
1718 4038 1894 4105 Actis
1926 4040 2189 4121 legitur,
2236 4042 2300 4105 id
2330 4061 2458 4106 non
2486 4041 2672 4105 modo
2706 4060 2787 4105 ex

546 4168 823 4233 iudicum
854 4171 1279 4236 Romanorum
1320 4192 1440 4236 usu
1482 4171 1678 4238 fuisse
1709 4179 2010 4239 testatum
2044 4181 2144 4241 est
2173 4175 2276 4258 (cf.
2312 4177 2528 4241 Const.
2557 4177 2783 4258 Apost.

545 4302 629 4380 H,
664 4308 762 4383 52,
800 4310 827 4367 l
863 4303 1018 4386 fin.),
1051 4307 1164 4369 sed
1196 4308 1385 4370 etiam
1415 4309 1480 4370 in
1511 4303 2032 4374 condemnatione
2062 4311 2210 4374 Iesu
2243 4331 2281 4376 a
2309 4312 2515 4376 Pilato
2546 4309 2788 4376 factum
