3072 5200
1358 467 1434 530 17

258 703 465 783 idque
512 702 739 767 marito
785 722 903 769 suo
948 704 1305 786 aperuisse,
1352 710 1543 787 atque
1587 707 1788 787 magis
1834 707 2026 772 etiam
2076 709 2510 792 improbabile,

258 840 547 903 Pilatum
581 857 659 902 ea
691 838 768 902 de
799 858 869 902 re
902 840 991 903 sic
1023 840 1164 903 cum
1183 841 1435 906 Iudaeis
1468 842 1848 907 collocutum
1877 862 2038 909 esse.
2070 844 2335 910 Contra
2359 867 2507 913 vero

261 974 398 1038 iam
437 975 501 1037 in
538 972 750 1037 libello
791 974 961 1056 apud
993 974 1295 1055 Haganos
1336 977 1658 1057 publicato
1701 996 1845 1059 pag.
1884 985 2002 1044 189
2033 997 2126 1060 sq.
2161 986 2335 1047 recte
2372 999 2508 1047 mo-

262 1109 489 1179 nuisse
539 1108 692 1172 mihi
744 1108 991 1189 videor,
1045 1110 1328 1175 Thilonis
1381 1113 1577 1176 verba
1626 1113 1818 1190 etiam
1868 1119 2088 1177 contra
2139 1115 2511 1180 relationem

261 1243 582 1308 Matthaei
613 1244 782 1308 dicta
812 1263 972 1309 esse.
1050 1245 1292 1321 Quodsi
1325 1246 1517 1326 enim,
1551 1251 1623 1310 ut
1650 1246 1806 1311 haec
1836 1247 1981 1312 inde
2012 1253 2323 1331 repetam,
2355 1250 2509 1313 illud

184 1344 201 1355 ἱ
259 1378 471 1442 πολλοὶ
510 1375 725 1441 παθεῖν
765 1368 836 1441 δι’
883 1379 1081 1441 αὐτὸν·
1110 1381 1245 1442 κατ’
1289 1380 1429 1467 ὄναρ
1476 1400 1695 1445 verum
1733 1387 1859 1461 est,
1908 1401 2113 1464 neque
2159 1383 2365 1448 minus
2411 1390 2511 1449 est

170 1490 176 1494 ⁴
263 1514 573 1578 credibile
620 1518 973 1578 matronam
1017 1515 1187 1579 illam
1230 1515 1620 1597 proselytam
1664 1521 1888 1598 portae
1934 1515 2149 1581 fuisse.
2238 1519 2399 1582 Item
2455 1519 2510 1583 si

262 1648 427 1712 illud
467 1648 638 1728 quod
675 1667 792 1730 per
828 1654 1079 1714 noctem
1119 1649 1177 1713 ei
1216 1650 1443 1715 accidit
1482 1651 1710 1715 marito
1742 1652 2129 1715 renuntiavit
2158 1671 2273 1732 pro
2305 1651 2507 1716 tribu-

261 1784 398 1847 nali
440 1783 715 1864 sedenti,
757 1803 960 1865 neque
1004 1784 1362 1849 verosimile
1404 1790 1503 1849 est
1533 1785 1774 1851 celasse
1805 1806 1944 1850 eam
1974 1787 2203 1850 marito
2235 1786 2509 1851 Iudaicis

265 1938 342 1983 se
364 1919 563 1984 sacris
593 1937 977 2002 propensam
1008 1938 1168 1985 esse.
1216 1920 1460 1984 Pendet
1488 1921 1730 1985 scilicet
1758 1921 1864 1986 illa
1890 1922 2173 1985 Thilonis
2205 1922 2283 1985 de
2315 1939 2509 1986 uxore

261 2054 460 2119 Pilati
491 2054 703 2136 opinio
735 2073 773 2118 a
803 2055 1177 2119 crudelitate
1208 2055 1399 2120 Pilati
1429 2074 1585 2137 erga
1609 2056 1911 2134 Iudaeos3
1955 2057 2068 2120 sed
2097 2056 2259 2120 hanc
2292 2055 2507 2121 viden-

264 2189 420 2254 dum
452 2194 552 2255 est
579 2207 659 2254 ne
690 2191 827 2272 ipse
859 2208 1002 2254 cum
1033 2191 1173 2255 aliis
1203 2191 1400 2255 invito
1431 2191 1705 2272 Iosepho
1736 2190 2005 2256 finxerit.
2241 2164 2246 2165 f

441 2326 788 2407 Pergamus
830 2325 912 2390 ad
951 2320 1149 2405 aliud,
1198 2326 1367 2407 quod
1406 2331 1479 2390 ut
1515 2326 1583 2389 in
1620 2327 1796 2391 Actis
1835 2325 2024 2390 Pilati
2063 2326 2218 2390 satis
2258 2325 2510 2405 eminet,

265 2461 361 2524 ita
399 2461 673 2526 alienum
716 2465 816 2526 est
853 2461 932 2525 ab
973 2461 1317 2541 evangeliis
1362 2461 1618 2525 nostris.
1696 2459 1979 2541 Surgunt
2023 2461 2185 2526 enim
2232 2460 2294 2523 in
2331 2459 2510 2524 Actis

266 2596 483 2675 Pilati,
530 2597 679 2660 dum
718 2597 1029 2679 primores
1069 2595 1452 2661 Iudaeorum
1490 2595 1955 2661 accusationem
1995 2600 2254 2678 urgent,
2293 2596 2511 2677 plures

268 2750 535 2797 caussae
564 2732 715 2797 Iesu
757 2731 1155 2811 defensoreS,
1193 2750 1401 2813 neque
1433 2731 1666 2797 desunt
1696 2732 1831 2811 qui,
1872 2751 1996 2813 quo
2036 2750 2192 2812 erga
2228 2732 2513 2813 ipsorum

271 2867 597 2932 doctorem
650 2886 723 2933 ac
775 2867 1242 2934 benefactorem
1295 2867 1502 2931 animo
1558 2867 1711 2946 sint,
1764 2827 2150 2948 patefaciant
2197 2866 2509 2947 lacrymis.

272 2967 412 3080 Qua
449 3022 520 3066 re
566 3007 902 3084 postquam
932 3003 1267 3067 Miinterus
1313 3002 1377 3065 111
1408 3001 1849 3066 Probabilibus
1890 3001 2022 3066 suis
2041 3001 2087 3083 1)
2127 3018 2512 3082 magnopere

272 3137 626 3203 delectatus
660 3142 787 3216 est,
820 3137 1071 3201 Thiloni
1102 3137 1271 3218 (vide
1304 3137 1456 3201 Cod.
1491 3155 1702 3218 apocr.
1734 3137 1786 3215 I,
1821 3142 1943 3201 564
1975 3135 2096 3217 sq.)
2127 3136 2279 3199 nihil
2311 3134 2514 3199 visum

274 3277 374 3338 est
414 3271 687 3338 conferri
728 3272 808 3336 ad
851 3272 1251 3337 narrationes
1301 3272 1834 3352 evangelistarum
1878 3271 2281 3353 supplendas.
2355 3268 2514 3332 Mihi

274 3427 526 3489 quoque
556 3427 750 3489 grave
782 3408 1033 3474 videtur
1062 3407 1597 3488 evangelistarum
1627 3407 1746 3471 hac
1777 3406 1855 3471 de
1886 3425 1957 3471 re
1988 3405 2326 3471 silentium.
2388 3404 2511 3467 Ac-

277 3543 447 3609 cedit
473 3544 644 3624 quod
674 3544 783 3624 qui
814 3545 877 3607 in
912 3506 1088 3609 Actis
1118 3544 1307 3607 Pilati
1339 3543 1419 3606 ad
1450 3542 1912 3607 defendendum
1938 3541 2149 3605 Iesum
2176 3538 2512 3620 prodeunt,

274 3679 679 3759 NicodemuS,
710 3680 808 3744 vir
847 3679 928 3743 ad
957 3679 1264 3762 piscinam
1303 3677 1663 3741 Bethesdae
1704 3680 1992 3754 561161115,
2040 3692 2264 3738 caecus
2305 3677 2514 3752 1161115,

275 3814 383 3896 qui
414 3813 624 3880 fuerat
652 3833 905 3893 curvu8,
938 3815 1045 3895 qui
1077 3815 1389 3895 leprosuS,
1419 3810 1649 3875 mulier
1669 3809 1843 3873 fluxu
1866 3808 2191 3890 sanguinis
2205 3828 2332 3890 -per
2355 3808 2511 3872 duo-

278 3951 478 4016 decim
510 3968 709 4014 annos
741 3949 1063 4029 laboranS,
1096 3949 1397 4029 denique,
1429 3947 1507 4012 de
1539 3965 1665 4028 qua
1692 3945 1848 4010 nihil
1882 3944 2202 4010 definitius
2239 3942 2515 4007 traditur

427 4171 467 4240 ¹)
490 4168 666 4222 Vide:
692 4165 909 4221 Archiv
934 4165 1025 4219 fiir
1051 4165 1165 4218 alte
1192 4165 1307 4217 und
1334 4181 1480 4246 neue
1505 4160 2103 4232 Kirchengeschichte
2129 4175 2237 4211 von
2254 4156 2515 4211 Staudlin

282 4272 400 4324 und
417 4269 764 4348 Tzschirner
786 4269 855 4336 V,
880 4268 980 4321 317
996 4284 1120 4337 sqq.
1139 4266 1239 4319 ubi
1267 4270 1379 4319 est:
1404 4264 1779 4345 Probabilien
1799 4282 1900 4316 zur
1921 4258 2516 4329 Leidensgeschichte

286 4390 387 4426 6115
416 4373 544 4426 dem
577 4372 952 4441 Evangelium
983 4371 1082 4423 des
1109 4368 1473 4434 Nicodemus,
1498 4383 1612 4419 von
1635 4367 1736 4419 Dr.
1762 4365 1982 4418 Friedr.
2006 4364 2246 4416 Miinter.

2083 4469 2108 4506 2
