3072 5200
1485 478 1850 584 „EAM

563 718 688 782 bile
722 723 821 784 est
850 723 1192 801 propterea
1230 718 1399 798 quod
1431 737 1596 781 unus
1637 718 1715 782 de
1747 718 1921 781 Petri
1962 717 2304 796 iudicibus,
2345 723 2604 782 auctore
2636 718 2825 782 Luca

566 854 632 917 in
662 854 839 918 Actis
871 855 1032 936 App.
1066 859 1133 932 4,
1169 858 1255 931 6.,
1288 852 1510 917 eodem
1541 853 1791 917 nomine
1824 852 2142 915 utebatur.
2219 853 2312 916 Ac
2353 852 2608 917 videtur
2645 853 2822 917 idem

568 988 855 1068 cogitari,
887 989 967 1052 ad
1000 1007 1186 1069 quem
1219 1006 1441 1052 cursor
1471 988 1535 1050 in
1567 988 1831 1052 solemni
1863 988 1927 1050 in
1958 987 2178 1052 urbem
2209 988 2476 1053 introitu
2505 987 2745 1052 Christi
2786 1008 2830 1052 a

569 1122 773 1187 Pilato
805 1142 873 1187 se
905 1124 1167 1188 missum
1200 1123 1353 1187 dicit
1381 1123 1519 1186 Act.
1553 1123 1667 1187 Pil.
1700 1123 1750 1202 I,
1784 1126 1841 1187 3.

739 1259 914 1322 Inter
941 1259 1097 1322 haec
1128 1259 1295 1340 ipsa,
1337 1276 1500 1338 quae
1530 1258 1718 1322 modo
1751 1258 2050 1336 vidimus,
2096 1258 2175 1322 ab
2218 1263 2477 1325 auctore
2508 1260 2824 1324 Actorum

571 1394 759 1458 Pilati
798 1396 1056 1457 nuntius
1097 1394 1356 1475 ponitur
1396 1393 1474 1457 de
1517 1394 1763 1458 somnio
1804 1394 2022 1458 uxoris
2060 1394 2517 1475 procuratoris.
2590 1394 2689 1459 De
2737 1413 2822 1458 eo

571 1533 821 1593 constat
866 1529 1068 1593 solum
1116 1528 1508 1593 Matthaeum
1556 1534 1664 1607 27,
1702 1534 1797 1594 19.
1843 1528 2229 1593 mentionem
2275 1528 2521 1594 fecisse.
2612 1529 2823 1606 Quam

573 1682 765 1744 quum
804 1662 1026 1727 fecerit
1066 1663 1395 1745 proposita
1433 1663 1559 1726 iam
1589 1663 1775 1727 Pilati
1817 1665 2189 1744 quaestione
2229 1664 2308 1729 de
2348 1683 2458 1729 reo
2490 1664 2820 1746 paschatis

573 1818 800 1863 caussa
837 1798 1100 1863 vinculis
1141 1798 1550 1878 exsolvendo,
1596 1799 1924 1879 quaeritur
1952 1804 2098 1863 uter
2127 1799 2364 1864 rectius
2404 1800 2610 1864 nuntii
2650 1805 2817 1863 tem-

573 1954 691 2017 pus
735 1933 1124 1998 indicaverit.
1201 1934 1390 2015 Apud
1429 1933 1821 1998 Matthaeum
1863 1933 2117 2015 quidem
2158 1934 2350 1998 etiam
2389 1933 2544 2029 illud
2578 1935 2822 2014 aliquid

572 2070 871 2133 momenti
900 2068 1094 2133 habet
1125 2068 1294 2148 quod
1325 2068 1495 2147 dicit,
1527 2087 1787 2134 uxorem
1818 2069 2107 2132 nuntium
2139 2069 2219 2133 ad
2248 2069 2522 2133 Pilatum
2562 2069 2817 2134 misisse

533 2194 539 2209 ⁵
572 2201 914 2289 καθημένου
942 2206 1130 2266 αὐτοῦ
1157 2205 1253 2266 ἐπὶ
1273 2213 1385 2267 τοῦ
1411 2203 1700 2290 βήματος.
1764 2203 1861 2268 Ab
1890 2204 1989 2268 his
2024 2204 2179 2286 ipsis
2214 2204 2424 2269 verbis
2448 2202 2814 2286 proficisca-

573 2345 679 2402 tur
702 2338 1061 2419 disquisitio
1090 2343 1328 2403 nostra.
1374 2338 1689 2402 Videntur
1708 2338 1862 2417 ista,
1890 2338 1943 2402 si
1962 2339 2041 2402 ad
2057 2339 2355 2404 Iohannis
2375 2338 2569 2403 verba
2591 2345 2686 2417 19,
2711 2344 2812 2402 13.

570 2472 658 2537 ‘O
702 2466 803 2536 οὖν
844 2471 1117 2548 Πιλᾶτος
1155 2511 1183 2522 -
1213 2511 1241 2522 -
1271 2511 1299 2522 -
1339 2464 1640 2563 ἐξήγαγεν
1683 2466 1799 2548 ἔξω
1838 2474 1946 2536 τὸν
1983 2472 2214 2543 Ἰησοῦν
2254 2475 2358 2536 καὶ
2397 2470 2670 2538 ἐκάθισεν
2714 2475 2819 2536 ἐπὶ

573 2619 685 2673 τοῦ
727 2609 997 2697 βήματος
1037 2615 1508 2692 comparantur,
1549 2615 1894 2674 extremam
1924 2611 2138 2675 iudicii
2170 2611 2480 2675 actionem
2512 2611 2814 2674 indicare.

575 2747 660 2809 At
700 2746 957 2827 planum
996 2749 1095 2809 est
1136 2763 1213 2808 ea
1251 2745 1315 2808 in
1345 2763 1415 2809 re
1446 2745 1791 2810 Iohannem
1822 2764 1860 2809 a
1889 2745 2212 2811 Matthaeo
2246 2745 2527 2825 graviter
2565 2745 2814 2809 dissen-

575 2881 715 2944 tire.
784 2880 1064 2944 Iohanne
1097 2881 1260 2944 enim
1293 2884 1582 2959 auctore,
1630 2886 1966 2962 postquam
1995 2881 2322 2945 Barabbas
2355 2880 2590 2943 dudum
2623 2880 2816 2944 abso—

576 3017 748 3080 lutus
792 3020 917 3095 est,
959 3016 1204 3079 Pilatus
1246 3015 1325 3078 ad
1354 3012 1680 3079 ferendam
1711 3015 1790 3080 de
1820 3016 1970 3080 Iesu
2001 3017 2379 3080 sententiam
2411 3015 2476 3079 in
2506 3015 2813 3079 tribunali

578 3151 874 3230 considit,
916 3150 992 3214 cf.
1031 3156 1134 3230 18,
1176 3156 1455 3230 40—-19,
1509 3155 1602 3213 13.
1682 3149 1997 3215 Cohaeret
2034 3151 2097 3214 id
2137 3169 2278 3214 cum
2319 3170 2393 3215 eo
2439 3150 2606 3231 quod
2631 3149 2816 3213 *idem

579 3285 1098 3350 dissentientibus
1142 3284 1498 3365 Synopticis
1538 3285 1762 3364 tradit,
1802 3285 2072 3349 Iudaeos
2112 3285 2503 3367 praetorium
2541 3303 2668 3348 non
2716 3285 2814 3347 in—

576 3425 815 3498 trasse3
848 3438 1054 3499 neque
1087 3419 1252 3485 enim
1283 3419 1483 3499 magis
1515 3419 1594 3483 de
1624 3420 1925 3484 tribunali
1955 3420 2122 3483 inter
2143 3425 2449 3501 utrosque
2475 3419 2813 3484 convenire

580 3557 856 3621 videtur:
901 3554 1022 3620 nisi
1052 3553 1325 3620 fortasse
1357 3554 1590 3635 duplex
1627 3555 1907 3618 tribunal
1945 3555 2227 3636 intellegi
2266 3555 2498 3636 possit,
2544 3555 2813 3618 alterum

578 3691 643 3753 in
668 3692 992 3772 praetorio
1024 3690 1213 3771 idque
1255 3708 1293 3753 a
1323 3689 1645 3754 Matthaeo
1681 3695 2264 3769 commemoratum,
2309 3690 2581 3754 alterum
2622 3688 2815 3769 idque

579 3825 837 3906 gravius
884 3830 1064 3888 extra
1105 3825 1495 3906 praetorium
1549 3825 1953 3905 collocatum,
2006 3824 2171 3889 unde
2224 3825 2541 3889 sententia
2591 3823 2816 3887 iudicis

579 3958 842 4023 ferenda
869 3956 1080 4022 fuerit.
1154 3958 1330 4034 Quae
1363 3957 1575 4040 opinio
1609 3977 1683 4022 eo
1713 3959 1953 4041 poterit
1993 3957 2351 4023 confirmari
2382 3959 2551 4039 quod
2581 3958 2813 4023 Iohan-

578 4113 692 4158 nes
724 4113 850 4158 non
880 4094 1250 4175 simpliciter
1279 4093 1430 4158 dicit
1458 4092 1763 4173 tribunal,
1809 4094 1923 4157 sed
1954 4094 2130 4157 addit
2157 4093 2223 4156 in
2253 4094 2649 4158 Lithostroto
2682 4094 2815 4157 sive

583 4228 917 4293 Gabbatha
953 4229 1250 4311 positum.
1327 4229 1510 4305 Quod
1550 4234 1695 4293 utut
1733 4234 1858 4308 est,
1907 4234 2079 4293 certe
2122 4229 2186 4291 in
2223 4233 2495 4308 utraque
2536 4247 2633 4307 re,
2680 4232 2815 4290 tum

583 4364 752 4443 quod
782 4364 1002 4428 Iudaei
1032 4363 1421 4444 praetorium
1465 4364 1736 4428 intrasse
1777 4364 2100 4442 dicuntur,
2156 4367 2290 4426 tum
2333 4363 2500 4444 quod
2539 4363 2817 4427 tribunal
