3072 5200
1395 468 1478 531 29

480 709 577 766 Ex
614 708 692 766 iis
728 705 843 782 ‘qui
872 706 1129 783 posthac
1160 707 1318 766 ludis
1351 708 1663 766 litterariis
1696 711 1756 766 et
1796 725 1951 782 quae
1995 707 2113 765 dici
2153 702 2349 767 solent
2388 710 2557 767 semi-

297 827 499 885 nariis
548 844 612 885 se
663 825 983 902 dederunt,
1046 827 1145 883 vel
1199 825 1610 900 professorum
1655 827 1752 883 vel
1799 827 2268 902 gubernatorum
2313 845 2555 886 munere

300 944 659 1020 fungenteS,
720 943 978 1018 exempli
1025 961 1245 1002 caussa
1289 942 1501 1001 horum
1547 944 1890 1002 adscribam
1934 944 2200 1003 nomina:
2247 945 2374 1003 Ioh.
2416 945 2553 1004 ΟΜ.

297 1063 489 1120 Lebr.
538 1060 968 1119 Hantschke
1016 1059 1134 1139 (1),
1186 1063 1368 1119 Henr.
1409 1060 1575 1118 Frid.
1617 1059 1917 1119 Richter
1958 1060 2116 1139 (26),
2169 1062 2324 1121 Guil.
2373 1064 2552 1121 Ferd.

298 1180 505 1238 Korb
549 1178 709 1256 (32),
756 1181 866 1238 Iul.
906 1179 1077 1237 Frid.
1118 1178 1470 1238 Bottcher
1513 1177 1675 1256 (34),
1725 1178 1947 1254 Georg.
1986 1179 2086 1236 Fr.
2125 1180 2282 1255 Aug.
2324 1182 2554 1254 Beyer

304 1298 464 1375 (43),
498 1297 625 1355 Ioh.
657 1297 814 1374 Aug.
847 1296 1122 1356 Kohler
1154 1295 1313 1375 (45),
1359 1298 1459 1354 Fr.
1492 1296 1607 1355 Ad.
1642 1297 2042 1355 Heinichen
2075 1296 2233 1376 (48),
2281 1298 2416 1357 ΟΜ.
2448 1298 2547 1356 Fr.

303 1416 468 1474 Guil.
502 1416 786 1475 Clemen
820 1413 972 1492 (54),
1007 1415 1144 1473 Car.
1161 1415 1262 1472 Fr.
1282 1414 1421 1474 Chr.
1455 1415 1761 1474 Schuler
1792 1413 1942 1493 (62),
1974 1415 2138 1474 Arm.
2170 1415 2375 1474 Kuhn
2398 1415 2549 1493 (72),

302 1535 466 1610 Aug.
512 1534 676 1591 Frid.
722 1533 980 1590 Muller
1027 1532 1188 1610 (92),
1249 1533 1404 1591 Lud.
1451 1534 1671 1591 Franc.
1730 1532 1907 1591 Gotz
1959 1532 2118 1611 (96),
2182 1533 2353 1593 Gust.
2399 1535 2548 1592 Mor.

306 1654 541 1711 Franz
577 1650 779 1730 (111),
830 1650 967 1710 ΟΜ.
1000 1650 1162 1709 Arm.
1195 1652 1493 1710 Baltzer
1525 1648 1720 1728 (113).
1808 1651 1931 1710 Alii
1971 1670 2007 1710 a
2050 1653 2319 1711 consiliis
2362 1653 2549 1710 ecclc·

309 1771 577 1828 siasticis
622 1769 768 1827 facti
814 1772 979 1847 sunt,
1029 1773 1094 1828 ut
1137 1769 1281 1827 Ern.
1322 1768 1581 1827 Aenoth.
1624 1767 1809 1827 Roth
1842 1768 1960 1847 (3),
2010 1769 2148 1829 Chr.
2179 1772 2328 1829 Mor.
2362 1771 2548 1845 Hey·

308 1907 517 1947 mann
559 1886 675 1966 (6),
717 1887 849 1944 Ew.
891 1888 992 1944 Fr.
1036 1886 1426 1945 Hoffmann
1467 1886 1630 1965 (70),
1677 1888 1828 1946 Rob.
1871 1888 2011 1947 Otto
2054 1887 2339 1947 Gilbert
2385 1887 2546 1966 (78):

308 2007 415 2065 alii
445 2024 643 2064 rerum
672 2023 980 2064 sacrarum
1011 2006 1333 2083 antistites,
1376 2009 1443 2063 ut
1470 2006 1587 2065 Ad.
1621 2005 1851 2064 Theod.
1885 2007 2122 2065 Haase
2155 2004 2289 2084 (393
2335 2008 2546 2081 Super.

306 2125 484 2200 regni
502 2122 841 2201 Galliciae),
877 2123 1014 2182 ΟΜ.
1037 2122 1194 2182 Guil.
1228 2124 1607 2182 Pollmann
1627 2122 1777 2202 (40),
1809 2124 1910 2182 Fr.
1930 2124 2109 2182 Lebr.
2135 2125 2359 2183 Liebe
2394 2122 2544 2201 (49),

194 2318 214 2340 Ο
309 2242 452 2302 Chr.
497 2241 699 2300 Gotth.
741 2240 1006 2300 Ficker
1055 2240 1215 2320 (85);
1271 2243 1374 2300 alii
1419 2243 1581 2317 iique
1627 2243 1866 2318 plurimi
1909 2243 2308 2319 procurandis
2354 2244 2546 2302 sacris

304 2360 629 2437 praefecti,
677 2364 742 2418 ut
773 2360 931 2419 Sam.
966 2358 1122 2418 Guil.
1158 2358 1543 2436 Wirthgen
1575 2358 1733 2439 (14),
1780 2362 1880 2419 Fr.
1917 2360 2073 2419 Guil.
2109 2361 2544 2421 Schweiuitz

307 2479 462 2557 (23),
495 2479 614 2538 Ios.
648 2477 987 2538 Schimko
1021 2476 1173 2556 (27),
1208 2478 1347 2537 ΟΜ.
1368 2478 1478 2537 Iul.
1511 2480 1781 2537 Klemm
1807 2476 1958 2556 (41),
1991 2480 2148 2555 Aug.
2168 2479 2268 2537 Fr.
2304 2481 2546 2555 Unger

306 2596 461 2677 (49),
499 2597 663 2657 Arm.
693 2596 833 2655 Ant.
866 2595 1103 2656 Volkm.
1137 2597 1430 2657 Fiedler
1463 2596 1614 2676 (68),
1658 2596 1829 2657 Gust.
1862 2597 1975 2656 Ed.
2008 2598 2214 2656 Platz
2250 2595 2399 2675 (71),
2441 2598 2542 2656 Fr.

304 2718 599 2775 Zeidler
639 2714 800 2792 (81),
853 2715 991 2774 ΟΜ.
1034 2716 1196 2773 Arm.
1239 2717 1513 2775 Bruder
1547 2715 1705 2794 (82),
1752 2718 1900 2775 Mor.
1933 2717 2090 2793 Aug.
2121 2715 2305 2775 Behr
2337 2715 2541 2794 (100);

300 2837 447 2895 item
478 2836 578 2909 qui
611 2837 813 2892 aetate
843 2835 1048 2909 paullo
1079 2835 1448 2909 posteriores
1481 2838 1637 2910 sunt,
1679 2835 1921 2893 Maxim.
1954 2835 2115 2892 Arm.
2147 2833 2543 2893 Frotscher

303 2953 653 3013 Curt.Aem.
688 2952 1082 3030 Tauberth,
1115 2953 1449 3011 Ern.Edm.
1481 2950 1887 3028 Michaelis,
1919 2951 2076 3028 Aug.
2095 2952 2257 3010 Arm.
2290 2951 2539 3027 Ruhle,

302 3073 405 3130 Fr.
454 3073 610 3148 Aug.
662 3070 954 3148 Schiitz,
1001 3071 1157 3147 Aug.
1205 3072 1331 3129 Ioh.
1380 3070 1862 3147 Schweingel,
1912 3071 2056 3128 Ern.
2099 3053 2236 3130 ΟΜ.
2278 3069 2537 3129 Aenoth.

301 3191 567 3250 SiedeL

471 3311 724 3367 Factum
780 3312 873 3367 est
928 3308 1109 3365 etiam
1161 3307 1347 3365 variis
1394 3307 1764 3383 temporibus
1820 3311 1885 3366 ut
1933 3308 2256 3380 Societatis
2300 3308 2538 3367 nomine

299 3428 541 3486 libelli
587 3428 925 3485 ederentur.
1014 3426 1242 3484 Horum
1285 3425 1516 3483 initium
1561 3425 1705 3485 fecit
1749 3426 1802 3485 is
1849 3427 1978 3502 ipse
2028 3428 2128 3501 qui
2174 3428 2537 3487 Societatem

302 3547 600 3622 condidit,
652 3546 886 3604 edendo
929 3545 1133 3602 libello
1175 3562 1307 3602 cum
1344 3543 1459 3602 hoc
1500 3545 1702 3603 titulo:
1761 3545 2253 3604 Naclzriclztaber
2300 3545 2390 3632 die
2433 3545 2538 3602 seit

304 3667 484 3723 1817.
505 3665 830 3721 bestelzende
856 3663 1238 3735 Gesellschast
1259 3665 1374 3720 etc.
1421 3665 1618 3721 Voran
1635 3684 1652 3718 .-
1682 3665 1922 3739 Eoeeyet.
1943 3663 2380 3740 Bemerkunqen
2394 3663 2539 3720 iiber

299 3785 388 3841 die
420 3784 688 3841 Ironieen
720 3782 780 3839 in
813 3783 921 3838 den
952 3782 1151 3840 Reden
1182 3783 1338 3851 Jeme,
1370 3781 1495 3838 und
1520 3781 1612 3838 ein
1643 3780 1862 3839 kleiner
1895 3783 2196 3858 Nachtray
2223 3802 2293 3839 zu
2318 3781 2456 3841 Gal.
2475 3782 2531 3855 3,

299 3904 397 3959 20.
479 3900 574 3957 Ex
605 3899 678 3957 iis
711 3898 953 3975 scriptis
987 3917 1142 3973 quae
1172 3903 1313 3974 post
1342 3898 1696 3974 prodierunt
1724 3916 1871 3974 prae
1903 3899 2178 3958 manibus
2208 3898 2352 3956 mihi
2381 3896 2534 3955 haec

298 4023 461 4076 suut:
510 4021 605 4076 De
624 4018 1050 4094 paronomasia
1083 4018 1460 4095 finitimisque
1499 4019 1552 4075 ei
1580 4019 1796 4095 fiyuris
1827 4020 2018 4076 Paulo
2048 4019 2158 4093 Ap.
2182 4019 2534 4092 frequenta-

291 4138 377 4194 tis.
437 4138 597 4194 Diss,
642 4138 852 4195 rhetor.
897 4155 1062 4213 (περ.
1123 4136 1371 4211 Scripsit
1406 4135 1515 4193 Iul.
1559 4135 1725 4192 Frid.
1766 4132 2069 4193 Bottcher.
2130 4135 2197 4192 P.
2230 4135 2277 4191 I.
2319 4135 2532 4192 rhetor.

291 4256 415 4313 laist.
455 4257 634 4313 1823.
695 4256 763 4313 Ρ.
796 4255 873 4312 11.
906 4256 1244 4313 hermeneut.
1289 4253 1412 4310 erit.
1450 4254 1633 4311 1824.
1721 4254 1816 4309 De
1855 4253 2325 4329 interpretatione
2354 4273 2531 4312 sacra

296 4395 419 4431 eum
439 4376 712 4450 profana
734 4375 995 4447 feliciter
1035 4372 1448 4449 eoniunqenda.
1517 4371 1729 4431 Comm.
1762 4372 2049 4447 exeqetica
2081 4375 2195 4429 etc.
2231 4369 2527 4449 (auctore)
