3072 5200
1626 458 1711 521 30
1825 554 1866 557 *-

548 695 712 754 Arm.
768 695 940 754 Gust.
1000 696 1432 754 HoelemannO.
1485 700 1667 755 1832.
1755 698 1915 754 Diss.
1977 696 2263 773 exeyetica
2316 697 2385 753 de
2445 699 2567 753 loeo
2614 697 2817 753 Pauli

558 817 588 869 1
645 813 779 872 C'or.
827 834 956 889 cap.
1004 817 1072 872 Χ
1078 817 1139 873 V.
1185 835 1238 872 v.
1275 815 1558 872 12—19.
1603 812 1900 891 (auctore)
1950 812 2108 888 Aug.
2151 813 2252 870 Fr.
2293 813 2547 871 Mueller
2610 815 2809 871 1839.
2919 884 2924 893 ,

556 933 651 989 De
690 951 771 989 ev.
814 934 1021 990 Matth.
1062 952 1190 1007 cap.
1223 933 1394 989 XIX.
1426 953 1478 989 v.
1516 934 1611 990 16.
1644 941 1698 989 et
1725 952 1838 1008 seq.
1873 933 2007 990 diss.
2041 933 2243 990 critica
2272 940 2326 989 et
2355 932 2641 1007 eoeeqetica
2676 934 2808 988 etc.

558 1047 854 1124 (auctore)
889 1049 1094 1109 Const.
1127 1047 1603 1107 TischendorfiO.
1642 1052 1821 1107 1840.

728 1167 1016 1241 Superest
1054 1170 1119 1224 ut
1159 1167 1424 1225 breviter
1464 1167 1733 1226 dicamus
1766 1185 1921 1241 quae
1953 1167 2563 1226 exercitationum
2595 1168 2812 1226 Socie-

556 1284 701 1343 tatis
749 1285 1120 1360 Exegeticae
1167 1284 1355 1345 ratio
1406 1285 1510 1361 sit,
1559 1289 1849 1344 revocata
1894 1285 1999 1344 illa
2049 1285 2291 1359 quidem
2337 1285 2678 1360 nuperrime
2724 1285 2816 1342 ad

557 1402 873 1477 pristinum
899 1403 1155 1478 modum,
1190 1421 1226 1460 a
1254 1420 1370 1476 quo
1397 1402 1508 1461 hos
1524 1403 1766 1462 ultimos
1783 1422 1893 1478 per
1911 1421 2102 1461 annos
2127 1404 2276 1462 satis
2295 1404 2626 1462 discessum
2645 1407 2813 1461 erat.

735 1523 788 1578 1.
848 1521 1076 1579 Breves
1117 1521 1506 1579 elaborantur
1535 1521 2023 1597 dissertationes,
2075 1539 2229 1595 quae
2259 1526 2583 1597 postquam
2614 1539 2650 1578 a
2684 1520 2816 1579 sin-

559 1638 718 1712 gulis
760 1638 1260 1698 commilitonibus
1301 1638 1460 1696 domi
1497 1640 1805 1714 perlectae
1854 1643 1993 1697 sunt
2023 1639 2103 1698 ad
2134 1639 2600 1715 disputationem
2632 1637 2816 1696 adhi-

560 1755 797 1815 bentur.

733 1876 789 1931 2.
849 1875 1033 1941 Fiunt
1063 1874 1363 1932 sociorum
1393 1873 1834 1949 disputationes
1865 1875 1940 1933 de
1971 1874 2263 1933 thesibus.
2322 1875 2455 1933 Hae
2486 1872 2690 1933 theses
2726 1874 2815 1932 ab

563 2008 636 2050 eo
685 1993 788 2067 qui
837 1991 1121 2066 proponit
1161 1996 1297 2050 octo
1338 1992 1553 2052 diebus
1592 1997 1733 2052 ante
1774 2011 1908 2052 cum
1949 1993 2223 2051 omnibus
2269 1992 2814 2051 communicandae

561 2114 722 2177 sunt.
810 2110 1114 2185 Deligitur
1162 2110 1264 2183 qui
1307 2111 1626 2184 primarias
1673 2112 2015 2186 opponendi
2059 2115 2267 2186 partes
2313 2111 2639 2187 sustineat3
2702 2109 2817 2184 qui

563 2191 886 2303 postquam
916 2228 1087 2303 dixit,
1123 2228 1308 2286 ceteri
1342 2216 1567 2287 dicunt.

738 2348 793 2403 3.
854 2346 1253 2405 Instituuntur
1284 2364 1320 2403 a
1352 2347 1634 2420 praeside
1667 2347 1944 2408 examina
1976 2347 2312 2424 exegetica,
2346 2347 2480 2404 loco
2514 2347 2616 2420 qui
2648 2350 2817 2405 trac-

567 2467 727 2523 tetur
757 2463 1134 2522 hebdomade
1167 2469 1306 2523 ante
1330 2463 1625 2523 indicatO.

736 2585 795 2641 4.
854 2582 1166 2642 Eiusmodi
1206 2582 1484 2642 examina
1525 2584 1604 2642 ad
1636 2583 1971 2659 exemplum
1999 2582 2300 2659 praesidis
2333 2581 2409 2642 ab
2441 2581 2589 2659 ipsis
2622 2582 2819 2643 sociis

565 2699 881 2759 habentur.

736 2818 1014 2877 Ceterum
1061 2817 1176 2875 hae
1227 2818 1692 2877 exercitationes
1733 2819 1812 2878 ad
1850 2819 2089 2878 Novum
2128 2819 2582 2878 Testamentum
2625 2818 2819 2893 perti-

566 2940 729 3013 nent,
778 2955 895 2995 non
945 2937 1190 2995 excluso
1232 2936 1469 3013 Veteri,
1518 2942 1815 3010 quatenus
1864 2939 2123 2996 arctiore
2169 2938 2410 2995 vinculo
2459 2955 2591 2994 cum
2627 2938 2817 2995 Novo

568 3073 784 3113 nexum
818 3058 927 3113 est.
990 3054 1210 3113 Omnes
1243 3054 1708 3112 exercitationes
1739 3055 1959 3114 Latino
1992 3073 2263 3113 sermone
2295 3054 2611 3113 habentur.
