3072 5200
1663 377 1703 440 6

566 620 753 684 dubie
784 619 1063 700 priorem
1095 635 1257 681 esse.
1322 617 1460 693 Qua
1491 635 1633 680 cum
1663 635 1734 679 re
1777 614 1831 679 si
1873 613 2303 695 componimus
2345 631 2505 693 quae
2539 613 2823 677 saeculis

567 754 844 820 secundo
891 752 1083 816 tertio
1120 756 1361 832 ,quarto
1410 751 1488 815 de
1543 750 1732 814 Pilati
1789 751 1964 814 Actis
2026 748 2392 813 testimonia
2450 747 2600 811 data
2647 753 2824 825 sunt,

568 889 845 953 dubitari
876 888 980 951 vix
1010 906 1082 951 ac
1112 906 1192 950 ne
1235 887 1338 950 vix
1378 887 1633 967 quidem
1677 891 1893 967 potest
1932 885 2083 965 quin
2125 884 2293 948 idem
2338 883 2589 947 libellus
2630 902 2824 963 quem

567 1024 878 1101 Iustinus,
922 1040 1109 1103 quem
1150 1023 1609 1100 Tertullianus,
1652 1039 1840 1101 quem
1872 1019 2188 1084 Eusebius
2230 1019 2460 1099 aliique
2491 1023 2731 1083 norunt
2754 1021 2825 1097 ¹),

570 1159 911 1223 etiamnum
952 1176 1027 1222 eo
1075 1157 1311 1238 scripto
1360 1157 1640 1238 supersit
1685 1156 1855 1236 quod
1900 1155 2266 1237 nuperrime
2310 1154 2391 1218 ad
2429 1154 2665 1217 multos
2707 1173 2825 1217 an-

569 1294 781 1374 tiquos
823 1298 1021 1357 testes
1068 1293 1452 1356 recensitum
1497 1292 1618 1373 ipsi
1660 1290 1968 1356 edidimus
2017 1291 2081 1352 in
2129 1309 2295 1354 nova
2339 1289 2824 1369 evangeliorum

570 1428 1076 1511 apocryphorum
1107 1427 1478 1492 collectione
1493 1423 1567 1510 2).
1617 1428 1680 1491 Is
1720 1427 1858 1508 ipse
1893 1425 2146 1506 quidem
2177 1429 2388 1489 textus
2421 1443 2608 1505 quem
2638 1424 2826 1488 libel-

571 1564 670 1627 lus
715 1563 794 1628 ab
833 1567 1092 1627 auctore
1137 1582 1252 1627 suo
1292 1567 1513 1626 nactus
1547 1567 1673 1641 est,
1721 1563 1785 1625 in
1824 1562 1986 1626 mira
2016 1561 2332 1625 delitescit
2373 1561 2678 1624 varietate
2711 1579 2823 1624 co-

573 1698 809 1774 dicum;
857 1698 972 1762 sed
1014 1698 1181 1762 idem
1228 1697 1308 1762 de
1349 1697 1603 1779 scriptis
1650 1703 1935 1761 veterum
1978 1697 2116 1760 aliis
2163 1695 2379 1760 multis
2425 1695 2827 1775 maximeque

572 1832 880 1897 similibus
928 1832 1125 1912 valet,
1180 1852 1384 1913 neque
1441 1832 1751 1897 eiusmodi
1799 1836 1898 1896 est
1946 1836 2017 1895 ut
2069 1851 2323 1896 manum
2374 1831 2657 1895 criticam
2705 1831 2825 1895 de-

711 2152 751 2222 1)
788 2151 954 2204 Hanc
978 2149 1036 2203 in
1060 2167 1179 2203 rem
1206 2151 1261 2203 in
1288 2151 1507 2220 Evang.
1534 2167 1725 2219 apocr.
1751 2150 2012 2219 prolegg.
2038 2167 2169 2220 pag.
2182 2149 2389 2203 LXIV.
2414 2149 2560 2203 haec
2587 2150 2830 2218 scripsi:

574 2253 866 2320 „Iamvero
903 2269 1052 2322 quae
1077 2252 1308 2322 singula
1333 2252 1578 2304 vidimus
1605 2251 1904 2320 historica,
1942 2267 2010 2306 ea
2036 2252 2322 2321 quandam
2360 2252 2829 2306 testimoniorum

574 2354 776 2409 seriem
814 2352 1087 2407 efficiunt.
1141 2353 1394 2406 Iustinus
1431 2369 1581 2424 quae
1616 2353 1768 2406 Acta
1803 2353 1973 2406 Pilati
2010 2353 2210 2406 laudat
2248 2351 2436 2406 medio
2474 2354 2705 2407 saeculo
2734 2371 2830 2408 se—

576 2457 788 2517 cundo,
847 2456 1045 2509 eadem
1105 2454 1493 2508 Tertullianus
1553 2455 1715 2509 initio
1776 2455 1994 2508 saeculi
2056 2455 2211 2508 tertii
2256 2461 2589 2524 percenset:
2648 2472 2829 2524 porro

576 2559 775 2613 eadem
801 2557 1142 2611 Maximinus
1168 2558 1475 2627 imperator
1500 2555 1662 2612 initio
1691 2556 1898 2628 quarti,
1915 2556 2130 2610 saeculi
2170 2562 2440 2627 suspecta
2464 2562 2636 2628 atque
2661 2557 2832 2612 irrita

572 2661 812 2715 reddere
841 2660 1059 2713 studuit
1085 2659 1363 2729 oppositis
1388 2659 1517 2712 aliis
1545 2659 1708 2713 novis
1733 2660 1917 2730 iisque
1945 2658 2188 2713 maxime
2216 2659 2675 2728 contumeliosis,
2705 2677 2827 2731 quo

574 2762 776 2817 eodem
805 2762 1039 2815 saeculo
1067 2766 1270 2832 quarto
1311 2762 1511 2814 eadem
1549 2767 1990 2815 commemorant
2021 2761 2306 2815 Eusebius
2345 2766 2402 2815 et
2435 2761 2827 2831 Epiphanius:

575 2864 898 2935 insequitur
934 2864 1132 2934 quinto
1172 2864 1401 2917 saeculo
1431 2863 1699 2928 Orosius,
1736 2867 1894 2916 sexto
1941 2862 2257 2931 Gregorius
2299 2863 2669 2917 Turonensis.
2734 2862 2830 2915 Ea

562 2983 706 3019 ‘vero
752 2981 899 3034 quae
942 2965 1017 3017 ad
1052 2982 1154 3017 nos
1198 2969 1579 3033 pervenerunt
1613 2963 1765 3017 Acta
1797 2964 1910 3017 iam
1944 2963 2339 3034 antiquissimo
2376 2964 2575 3018 codice
2609 2964 2822 3016 Latino

574 3067 948 3136 palimpsesto
975 3066 1042 3120 V.
1079 3066 1169 3119 vel
1195 3065 1291 3119 VI.
1320 3066 1564 3132 saeculi,
1589 3065 1725 3119 item
1760 3065 2096 3135 papyraceis
2134 3065 2288 3121 foliis
2328 3064 2525 3136 Coptis
2547 3066 2820 3119 eiusdem

575 3173 728 3221 certe
761 3168 966 3220 aetatis
1004 3168 1382 3222 continentur.
1454 3167 1545 3220 An
1587 3167 1955 3221 nihilominus
1999 3173 2262 3237 putemus
2307 3166 2453 3221 haec
2494 3173 2693 3221 nostra
2739 3167 2821 3219 di-

575 3285 742 3321 versa
767 3285 894 3321 esse
920 3267 993 3321 ab
1020 3247 1270 3339 antiquis
1297 3269 1437 3337 illis,
1474 3270 1734 3340 quamvis
1770 3269 2045 3339 quicquid
2084 3270 2154 3322 de
2190 3268 2307 3321 suis
2340 3275 2562 3323 veteres
2592 3270 2818 3335 docent,

575 3370 635 3423 id
658 3369 1012 3423 inveniamus
1047 3369 1104 3421 in
1138 3370 1392 3423 nostris?
1440 3371 1567 3434 Quo
1609 3372 1843 3424 tandem
1882 3372 2052 3426 modo
2092 3371 2283 3425 subito
2333 3372 2519 3441 perire
2552 3376 2820 3441 poterant

575 3489 722 3543 quae
749 3470 860 3524 iam
887 3470 1019 3524 inde
1043 3472 1118 3524 ab
1155 3471 1363 3524 Iustini
1396 3477 1652 3541 tempore
1689 3477 1849 3525 tanta
1882 3471 2223 3525 Christianis
2258 3473 2815 3527 auctoritate-‘valere

574 3572 955 3628 videbantur?
997 3571 1118 3625 Aut
1151 3590 1319 3642 quem
1346 3574 1604 3642 tandem,
1642 3592 1812 3644 quum
1847 3580 2041 3627 vetera
2076 3581 2191 3628 tam
2225 3575 2377 3627 bona
2411 3580 2724 3646 tantaeque
2751 3591 2816 3627 ex

574 3674 748 3744 longo
774 3692 884 3727 usu
908 3675 1265 3728 auctoritatis
1291 3693 1416 3729 esse
1454 3676 1651 3743 sciret,
1690 3677 1806 3729 alia
1840 3694 1991 3730 nova
2024 3675 2286 3729 ficturum
2324 3674 2503 3729 fuisse
2539 3682 2815 3746 putemuS,

576 3792 644 3829 ac
687 3773 918 3829 finxisse
967 3792 1103 3830 vero
1150 3793 1276 3829 cum
1320 3782 1480 3831 tanto
1526 3795 1802 3832 successu
1844 3783 1909 3832 ut
1947 3795 2095 3831 nova
2147 3795 2252 3831 sua
2302 3776 2542 3831 Graecis
2593 3777 2815 3830 Latinis

577 3875 775 3946 Coptis
819 3876 1020 3928 mirum
1074 3877 1132 3928 in
1168 3877 1403 3931 modum
1439 3880 1868 3933 commendaret
1918 3879 2103 3950 iisque
2154 3885 2347 3934 vetera
2395 3879 2524 3933 loco
2566 3880 2847 3932 moveret*

577 3985 751 4049 atque
790 3976 1261 4048 exstingueret?“

713 4083 752 4145 ²)
791 4080 924 4148 Ipse
950 4080 1082 4132 libri
1121 4080 1321 4133 titulus
1351 4087 1463 4135 est:
1499 4081 1821 4150 Evangelia
1854 4081 2203 4151 apocrypha.
2243 4080 2535 4134 Adhibitis
2563 4080 2817 4151 plurimis

577 4181 873 4234 codicibus
903 4180 1141 4235 Graecis
1167 4187 1225 4235 et
1247 4182 1472 4235 Latinis
1500 4181 1803 4235 maximam
1836 4189 2055 4253 partem
2079 4199 2230 4235 nunc
2267 4182 2510 4250 primum
2539 4183 2815 4238 consultis

574 4286 747 4351 atque
772 4282 1115 4335 ineditorum
1144 4284 1312 4351 copia
1336 4282 1660 4352 insignibus
1696 4284 1880 4336 edidit
1905 4279 1965 4336 O.
1993 4284 2059 4338 Τ.
2088 4283 2236 4335 1853.
